name,ttm,12/31/2020,09/30/2020,06/30/2020,03/31/2020,12/31/2019,09/30/2019,06/30/2019,03/31/2019,12/31/2018,09/30/2018,06/30/2018,03/31/2018,12/31/2017,09/30/2017,06/30/2017,03/31/2017,12/31/2016,09/30/2016,06/30/2016,03/31/2016,12/31/2015,09/30/2015,06/30/2015,03/31/2015,12/31/2014,09/30/2014,06/30/2014,03/31/2014,12/31/2013,09/30/2013,06/30/2013,03/31/2013,12/31/2012,09/30/2012,06/30/2012,03/31/2012,12/31/2011,09/30/2011,06/30/2011,03/31/2011,12/31/2010,09/30/2010,06/30/2010,03/31/2010,12/31/2009,09/30/2009,06/30/2009,03/31/2009,12/31/2008,09/30/2008,06/30/2008,03/31/2008,12/31/2007,09/30/2007,06/30/2007,03/31/2007,12/31/2006,09/30/2006,06/30/2006,03/31/2006,12/31/2005,09/30/2005,06/30/2005,03/31/2005,12/31/2004,09/30/2004,06/30/2004,03/31/2004,12/31/2003,09/30/2003,06/30/2003,03/31/2003,12/31/2002,09/30/2002,06/30/2002,03/31/2002,12/31/2001,09/30/2001,06/30/2001,03/31/2001,12/31/2000,09/30/2000,06/30/2000,03/31/2000,12/31/1999,09/30/1999,06/30/1999,03/31/1999,12/31/1998,09/30/1998,06/30/1998,03/31/1998,12/31/1997,09/30/1997,06/30/1997,03/31/1997,12/31/1996,09/30/1996,06/30/1996,03/31/1996,12/31/1995,09/30/1995,06/30/1995,03/31/1995,12/31/1994,09/30/1994,06/30/1994,03/31/1994,12/31/1993,09/30/1993,06/30/1993,03/31/1993,12/31/1992,09/30/1992,06/30/1992,03/31/1992,12/31/1991,09/30/1991,06/30/1991,03/31/1991,12/31/1990,09/30/1990,06/30/1990,03/31/1990,12/31/1989,09/30/1989,06/30/1989,03/31/1989,12/31/1988,09/30/1988,06/30/1988,03/31/1988,12/31/1987,09/30/1987,06/30/1987,03/31/1987,12/31/1986,09/30/1986,06/30/1986,03/31/1986,12/31/1985,09/30/1985
TotalRevenue,"77,867,000,000","19,978,000,000","18,333,000,000","19,728,000,000","19,828,000,000","20,209,000,000","19,190,000,000","16,505,000,000","16,061,000,000","18,657,000,000","19,163,000,000","16,962,000,000","16,066,000,000","17,053,000,000","16,149,000,000","14,763,000,000","14,796,000,000","16,374,000,000","15,778,000,000","13,533,000,000","13,702,000,000","14,914,000,000","14,465,000,000","13,195,000,000","12,781,000,000","14,721,000,000","14,554,000,000","13,831,000,000","12,764,000,000","13,834,000,000","13,483,000,000","12,811,000,000","12,580,000,000","13,477,000,000","13,457,000,000","13,501,000,000","12,906,000,000","13,887,000,000","14,233,000,000","13,032,000,000","12,847,000,000","11,457,000,000","11,102,000,000","10,765,000,000","10,299,000,000","10,569,000,000","9,389,000,000","8,024,000,000","7,145,000,000","8,226,000,000","10,217,000,000","9,470,000,000","9,673,000,000","10,712,000,000","10,090,000,000","8,680,000,000","8,852,000,000","9,694,000,000","8,739,000,000","8,009,000,000","8,940,000,000","10,201,000,000","9,960,000,000","9,231,000,000","9,434,000,000","9,598,000,000","8,471,000,000","8,049,000,000","8,091,000,000","8,741,000,000","7,833,000,000","6,816,000,000","6,751,000,000","7,160,000,000","6,504,000,000","6,319,000,000","6,781,000,000","6,983,000,000","6,545,000,000","6,334,000,000","6,677,000,000","8,702,000,000","8,731,000,000","8,300,000,000","7,993,000,000","8,212,000,000","7,328,000,000","6,746,000,000","7,103,000,000","7,614,000,000","6,731,000,000","5,927,000,000","6,001,000,000","6,507,000,000","6,155,000,000","5,960,000,000","6,448,000,000","6,440,000,000","5,142,000,000","4,621,000,000","4,644,000,000","4,580,000,000","4,171,000,000","3,894,000,000","3,557,000,000","3,228,000,000","2,863,000,000","2,770,000,000","2,660,000,000","2,389,000,000","2,239,800,000","2,129,600,000","2,023,600,000","1,856,800,000","1,426,200,000","1,319,700,000","1,241,300,000","1,205,400,000","1,187,700,000","1,252,700,000","1,132,800,000","1,046,100,000","1,012,400,000","968,300,000","894,500,000","894,900,000","771,400,000","747,300,000","713,100,000","727,400,000","784,900,000","726,700,000","635,800,000","572,500,000","501,100,000","439,000,000","394,500,000","355,600,000","324,100,000","305,200,000","280,100,000","318,000,000","311,700,000"
	OperatingRevenue,"77,867,000,000","19,978,000,000","18,333,000,000","19,728,000,000","19,828,000,000","20,209,000,000","19,190,000,000","16,505,000,000","16,061,000,000","18,657,000,000","19,163,000,000","16,962,000,000","16,066,000,000","17,053,000,000","16,149,000,000","14,763,000,000","14,796,000,000","16,374,000,000","15,778,000,000","13,533,000,000","13,702,000,000","14,914,000,000","14,465,000,000","13,195,000,000","12,781,000,000","14,721,000,000","14,554,000,000","13,831,000,000","12,764,000,000","13,834,000,000","13,483,000,000","12,811,000,000","12,580,000,000","13,477,000,000","13,457,000,000","13,501,000,000","12,906,000,000","13,887,000,000","14,233,000,000","13,032,000,000","12,847,000,000","11,457,000,000","11,102,000,000","10,765,000,000","10,299,000,000","10,569,000,000","9,389,000,000","8,024,000,000","7,145,000,000","8,226,000,000","10,217,000,000","9,470,000,000","9,673,000,000","10,712,000,000","10,090,000,000","8,680,000,000","8,852,000,000","9,694,000,000","8,739,000,000","8,009,000,000","8,940,000,000","10,201,000,000","9,960,000,000","9,231,000,000","9,434,000,000","9,598,000,000","8,471,000,000","8,049,000,000","8,091,000,000","8,741,000,000","7,833,000,000","6,816,000,000","6,751,000,000","7,160,000,000","6,504,000,000","6,319,000,000","6,781,000,000","6,983,000,000","6,545,000,000","6,334,000,000","6,677,000,000","8,702,000,000","8,731,000,000","8,300,000,000","7,993,000,000","8,212,000,000","7,328,000,000","6,746,000,000","7,103,000,000","7,614,000,000","6,731,000,000","5,927,000,000","6,001,000,000","6,507,000,000","6,155,000,000","5,960,000,000","6,448,000,000","6,440,000,000","5,142,000,000","4,621,000,000","4,644,000,000","4,580,000,000","4,171,000,000","3,894,000,000","3,557,000,000","3,228,000,000","2,863,000,000","2,770,000,000","2,660,000,000","2,389,000,000","2,239,800,000","2,129,600,000","2,023,600,000","1,856,800,000","1,426,200,000","1,319,700,000","1,241,300,000","1,205,400,000","1,187,700,000","1,252,700,000","1,132,800,000","1,046,100,000","1,012,400,000","968,300,000","894,500,000","894,900,000","771,400,000","747,300,000","713,100,000","727,400,000","784,900,000","726,700,000","635,800,000","572,500,000","501,100,000","439,000,000","394,500,000","355,600,000","324,100,000","305,200,000","280,100,000","318,000,000","311,700,000"
CostOfRevenue,"34,255,000,000","8,630,000,000","8,592,000,000","9,221,000,000","7,812,000,000","8,331,000,000","7,895,000,000","6,627,000,000","6,972,000,000","7,430,000,000","6,803,000,000","6,543,000,000","6,335,000,000","6,286,000,000","6,092,000,000","5,665,000,000","5,649,000,000","6,269,000,000","5,795,000,000","5,560,000,000","5,572,000,000","5,324,000,000","5,354,000,000","4,947,000,000","5,051,000,000","5,100,000,000","5,096,000,000","4,914,000,000","5,151,000,000","5,263,000,000","5,069,000,000","5,341,000,000","5,514,000,000","5,660,000,000","4,942,000,000","4,947,000,000","4,641,000,000","4,935,000,000","5,215,000,000","5,130,000,000","4,962,000,000","4,051,000,000","3,781,000,000","3,530,000,000","3,770,000,000","3,729,000,000","3,985,000,000","3,945,000,000","3,907,000,000","3,857,000,000","4,198,000,000","4,221,000,000","4,466,000,000","4,486,000,000","4,919,000,000","4,605,000,000","4,420,000,000","4,884,000,000","4,445,000,000","3,838,000,000","3,997,000,000","3,901,000,000","4,012,000,000","4,028,000,000","3,836,000,000","4,221,000,000","3,752,000,000","3,269,000,000","3,221,000,000","3,185,000,000","3,275,000,000","3,348,000,000","3,239,000,000","3,464,000,000","3,331,000,000","3,350,000,000","3,301,000,000","3,402,000,000","3,553,000,000","3,307,000,000","3,225,000,000","3,230,000,000","3,148,000,000","3,283,000,000","2,989,000,000","3,176,000,000","3,026,000,000","2,771,000,000","2,912,000,000","3,176,000,000","3,192,000,000","3,027,000,000","2,749,000,000","2,691,000,000","2,604,000,000","2,343,000,000","2,307,000,000","2,392,000,000","2,201,000,000","2,150,000,000","2,421,000,000","2,389,000,000","2,008,000,000","1,805,000,000","1,609,000,000","2,023,000,000","1,273,000,000","1,156,000,000","1,124,000,000","712,000,000","656,500,000","600,400,000","566,100,000","583,600,000","507,900,000","486,200,000","462,100,000","467,200,000","491,000,000","484,600,000","454,600,000","450,300,000","417,400,000","404,500,000","373,800,000","424,900,000","374,000,000","352,300,000",,,,,,,,,,,,,,,
GrossProfit,"43,612,000,000","11,348,000,000","9,741,000,000","10,507,000,000","12,016,000,000","11,878,000,000","11,295,000,000","9,878,000,000","9,089,000,000","11,227,000,000","12,360,000,000","10,419,000,000","9,731,000,000","10,767,000,000","10,057,000,000","9,098,000,000","9,147,000,000","10,105,000,000","9,983,000,000","7,973,000,000","8,130,000,000","9,590,000,000","9,111,000,000","8,248,000,000","7,730,000,000","9,621,000,000","9,458,000,000","8,917,000,000","7,613,000,000","8,571,000,000","8,414,000,000","7,470,000,000","7,066,000,000","7,817,000,000","8,515,000,000","8,554,000,000","8,265,000,000","8,952,000,000","9,018,000,000","7,902,000,000","7,885,000,000","7,406,000,000","7,321,000,000","7,235,000,000","6,529,000,000","6,840,000,000","5,404,000,000","4,079,000,000","3,238,000,000","4,369,000,000","6,019,000,000","5,249,000,000","5,207,000,000","6,226,000,000","5,171,000,000","4,075,000,000","4,432,000,000","4,810,000,000","4,294,000,000","4,171,000,000","4,943,000,000","6,300,000,000","5,948,000,000","5,203,000,000","5,598,000,000","5,377,000,000","4,719,000,000","4,780,000,000","4,870,000,000","5,556,000,000","4,558,000,000","3,468,000,000","3,512,000,000","3,696,000,000","3,173,000,000","2,969,000,000","3,480,000,000","3,581,000,000","2,992,000,000","3,027,000,000","3,452,000,000","5,472,000,000","5,583,000,000","5,017,000,000","5,004,000,000","5,036,000,000","4,302,000,000","3,975,000,000","4,191,000,000","4,438,000,000","3,539,000,000","2,900,000,000","3,252,000,000","3,816,000,000","3,551,000,000","3,617,000,000","4,141,000,000","4,048,000,000","2,941,000,000","2,471,000,000","2,223,000,000","2,191,000,000","2,163,000,000","2,089,000,000","1,948,000,000","1,205,000,000","1,590,000,000","1,614,000,000","1,536,000,000","1,677,000,000","1,583,300,000","1,529,200,000","1,457,500,000","1,273,200,000","918,300,000","833,500,000","779,200,000","738,200,000","696,700,000","768,100,000","678,200,000","595,800,000","595,000,000","563,800,000","520,700,000","470,000,000","397,400,000","395,000,000",,,,,,,,,,,,,,,
OperatingExpense,"19,736,000,000","5,412,000,000","4,707,000,000","4,801,000,000","4,816,000,000","4,976,000,000","4,744,000,000","5,077,000,000","4,915,000,000","5,003,000,000","5,083,000,000","5,146,000,000","5,261,000,000","5,177,000,000","4,938,000,000","5,166,000,000","5,468,000,000","5,479,000,000","5,149,000,000","5,241,000,000","5,562,000,000","5,304,000,000","4,905,000,000","5,104,000,000","5,010,000,000","5,111,000,000","4,898,000,000","4,992,000,000","4,966,000,000","4,906,000,000","4,786,000,000","4,751,000,000","4,547,000,000","4,662,000,000","4,674,000,000","4,722,000,000","4,455,000,000","4,353,000,000","4,233,000,000","3,967,000,000","3,727,000,000","3,383,000,000","3,185,000,000","3,254,000,000","3,081,000,000","4,340,000,000","2,762,000,000","4,000,000,000","2,517,000,000","2,579,000,000","2,887,000,000","2,898,000,000","2,816,000,000","3,172,000,000","2,902,000,000","2,643,000,000","2,682,000,000","2,865,000,000","2,822,000,000","3,099,000,000","3,225,000,000","2,991,000,000","2,848,000,000","2,554,000,000","2,566,000,000","2,477,000,000","2,346,000,000","2,399,000,000","2,394,000,000","2,994,000,000","2,249,000,000","2,192,000,000","2,121,000,000","2,232,000,000","2,203,000,000","2,316,000,000","2,165,000,000","2,573,000,000","2,603,000,000","2,687,000,000","2,735,000,000","2,878,000,000","2,718,000,000","2,588,000,000","2,388,000,000","2,223,000,000","1,913,000,000","1,655,000,000","1,554,000,000","1,602,000,000","1,383,000,000","1,294,000,000","1,306,000,000","1,423,000,000","1,262,000,000","1,279,000,000","1,274,000,000","1,242,000,000","1,014,000,000","956,000,000","918,000,000","921,000,000","774,000,000","763,000,000","681,000,000","687,000,000","620,000,000","642,000,000","609,000,000","818,000,000","713,800,000","684,600,000","638,700,000","662,000,000","590,300,000","550,900,000","510,900,000","488,400,000","458,700,000","445,200,000","409,000,000","390,000,000","362,500,000","346,400,000","318,100,000","302,300,000","270,100,000","262,600,000",,,,,,,,,,,,,,,
	SellingGeneralAndAdministration,"6,180,000,000","1,757,000,000","1,435,000,000","1,447,000,000","1,541,000,000","1,542,000,000","1,486,000,000","1,589,000,000","1,533,000,000","1,520,000,000","1,605,000,000","1,725,000,000","1,900,000,000","1,850,000,000","1,666,000,000","1,854,000,000","2,104,000,000","2,158,000,000","2,006,000,000","2,007,000,000","2,226,000,000","2,118,000,000","1,910,000,000","1,949,000,000","1,953,000,000","2,049,000,000","1,979,000,000","2,061,000,000","2,047,000,000","2,006,000,000","1,970,000,000","2,165,000,000","1,947,000,000","1,958,000,000","1,995,000,000","2,131,000,000","1,973,000,000","1,973,000,000","2,017,000,000","1,905,000,000","1,775,000,000","1,705,000,000","1,506,000,000","1,584,000,000","1,514,000,000","2,718,000,000","1,320,000,000","2,697,000,000","1,200,000,000","1,263,000,000","1,416,000,000","1,430,000,000","1,349,000,000","1,462,000,000","1,378,000,000","1,284,000,000","1,277,000,000","1,434,000,000","1,425,000,000","1,593,000,000","1,644,000,000","1,606,000,000","1,478,000,000","1,342,000,000","1,262,000,000","1,225,000,000","1,123,000,000","1,170,000,000","1,141,000,000","1,135,000,000","1,046,000,000","1,079,000,000","1,018,000,000","1,104,000,000","1,095,000,000","1,063,000,000","1,072,000,000","1,071,000,000","1,064,000,000","1,174,000,000","1,155,000,000","1,421,000,000","1,321,000,000","1,223,000,000","1,124,000,000","1,105,000,000","952,000,000","924,000,000","891,000,000","928,000,000","766,000,000","671,000,000","711,000,000","818,000,000","676,000,000","704,000,000","693,000,000","722,000,000","565,000,000","518,000,000","517,000,000","569,000,000","440,000,000","447,000,000","387,000,000","402,000,000","338,000,000","363,000,000","344,000,000","594,600,000","537,200,000","519,700,000","486,700,000","521,000,000","457,400,000","426,600,000","391,500,000","376,200,000","353,900,000","339,800,000","313,200,000","304,600,000","293,500,000","281,900,000","252,700,000","238,400,000","209,200,000","206,400,000",,,,,,,,,,,,,,,
		SellingAndMarketingExpense,,,,,,,,,,,,,,,,,,,,,,,,,,,,,,,,,,,"1,995,000,000","2,131,000,000","1,973,000,000",,"2,017,000,000","1,905,000,000","1,775,000,000",,,,,,,,,,,,,,,,,,,,,,,,,,,,,,,,,,,,,,,,,,,,,,,,,,,,,,,,,,,,,,,,,,,,,,,,,,,,,,,,,,,,,,,,,,,,,,,,,,,,,,
	ResearchAndDevelopment,"13,556,000,000","3,655,000,000","3,272,000,000","3,354,000,000","3,275,000,000","3,384,000,000","3,208,000,000","3,438,000,000","3,332,000,000","3,433,000,000","3,428,000,000","3,371,000,000","3,311,000,000","3,274,000,000","3,223,000,000","3,275,000,000","3,326,000,000","3,280,000,000","3,069,000,000","3,145,000,000","3,246,000,000","3,119,000,000","2,927,000,000","3,087,000,000","2,995,000,000","2,990,000,000","2,842,000,000","2,859,000,000","2,846,000,000","2,826,000,000","2,742,000,000","2,516,000,000","2,527,000,000","2,629,000,000","2,605,000,000","2,513,000,000","2,401,000,000","2,308,000,000","2,140,000,000","1,986,000,000","1,916,000,000","1,671,000,000","1,675,000,000","1,666,000,000","1,564,000,000","1,603,000,000","1,430,000,000","1,303,000,000","1,317,000,000","1,316,000,000","1,471,000,000","1,468,000,000","1,467,000,000","1,481,000,000","1,521,000,000","1,353,000,000","1,400,000,000","1,426,000,000","1,389,000,000","1,496,000,000","1,562,000,000","1,362,000,000","1,341,000,000","1,176,000,000","1,266,000,000","1,214,000,000","1,183,000,000","1,186,000,000","1,195,000,000","1,177,000,000","1,135,000,000","1,029,000,000","1,019,000,000","1,022,000,000","1,006,000,000","1,024,000,000","982,000,000","952,000,000","930,000,000","919,000,000","995,000,000","998,000,000","977,000,000","971,000,000","951,000,000","877,000,000","840,000,000","731,000,000","663,000,000","674,000,000","617,000,000","623,000,000","595,000,000","605,000,000","586,000,000","575,000,000","581,000,000","520,000,000","449,000,000","438,000,000","401,000,000","352,000,000","334,000,000","316,000,000","294,000,000","285,000,000","282,000,000","279,000,000","265,000,000",,,,,,,,,,,,,,,,,,,,,,,,,,,,,,,,,,
	DepreciationAmortizationDepletionIncomeStatement,,,,,,"50,000,000","50,000,000","50,000,000","50,000,000","50,000,000","50,000,000","50,000,000","50,000,000","53,000,000","49,000,000","37,000,000","38,000,000","41,000,000","74,000,000","89,000,000","90,000,000","67,000,000","68,000,000","68,000,000","62,000,000","72,000,000","77,000,000","72,000,000","73,000,000","74,000,000","74,000,000","70,000,000","73,000,000","75,000,000","74,000,000","78,000,000","81,000,000","72,000,000","76,000,000","76,000,000","36,000,000","7,000,000","4,000,000","4,000,000","3,000,000","19,000,000","12,000,000",,,,,,,"2,000,000","3,000,000","6,000,000","5,000,000","5,000,000","8,000,000","10,000,000","19,000,000","23,000,000","29,000,000","36,000,000","38,000,000","38,000,000","40,000,000","43,000,000","58,000,000","65,000,000","68,000,000","84,000,000","84,000,000","106,000,000","102,000,000","229,000,000","111,000,000","550,000,000","609,000,000","594,000,000","585,000,000","459,000,000","420,000,000","394,000,000","313,000,000","241,000,000","121,000,000",,,,,,,,,,,,,,,,,,,,,,,"223,400,000","176,600,000","164,900,000","152,000,000","141,000,000","132,900,000","124,300,000","119,400,000","112,200,000","104,800,000","105,400,000","95,800,000","85,400,000","69,000,000","64,500,000","65,400,000","63,900,000","60,900,000","56,200,000",,,,,,,,,,,,,,,
		DepreciationAndAmortizationInIncomeStatement,,,,,,"50,000,000","50,000,000","50,000,000","50,000,000","50,000,000","50,000,000","50,000,000","50,000,000","53,000,000","49,000,000","37,000,000","38,000,000","41,000,000","74,000,000","89,000,000","90,000,000","67,000,000","68,000,000","68,000,000","62,000,000","72,000,000","77,000,000","72,000,000","73,000,000","74,000,000","74,000,000","70,000,000","73,000,000","75,000,000","74,000,000","78,000,000","81,000,000","72,000,000","76,000,000","76,000,000","36,000,000","7,000,000","4,000,000","4,000,000","3,000,000","19,000,000","12,000,000",,,,,,,"2,000,000","3,000,000","6,000,000","5,000,000","5,000,000","8,000,000","10,000,000","19,000,000","23,000,000","29,000,000","36,000,000","38,000,000","38,000,000","40,000,000","43,000,000","58,000,000","65,000,000","68,000,000","84,000,000","84,000,000","106,000,000","102,000,000","229,000,000","111,000,000","550,000,000","609,000,000","594,000,000","585,000,000","459,000,000","420,000,000","394,000,000","313,000,000","241,000,000","121,000,000",,,,,,,,,,,,,,,,,,,,,,,"223,400,000","176,600,000","164,900,000","152,000,000","141,000,000","132,900,000","124,300,000","119,400,000","112,200,000","104,800,000","105,400,000","95,800,000","85,400,000","69,000,000","64,500,000","65,400,000","63,900,000","60,900,000","56,200,000",,,,,,,,,,,,,,,
			Amortization,,,,,,"50,000,000","50,000,000","50,000,000","50,000,000","50,000,000","50,000,000","50,000,000","50,000,000","53,000,000","49,000,000","37,000,000","38,000,000","41,000,000","74,000,000","89,000,000","90,000,000","67,000,000","68,000,000","68,000,000","62,000,000","72,000,000","77,000,000","72,000,000","73,000,000","74,000,000","74,000,000","70,000,000","73,000,000","75,000,000","74,000,000","78,000,000","81,000,000","72,000,000","76,000,000","76,000,000","36,000,000","7,000,000","4,000,000","4,000,000","3,000,000","19,000,000","12,000,000",,,,,,,"2,000,000","3,000,000","6,000,000","5,000,000","5,000,000","8,000,000","10,000,000","19,000,000","23,000,000","29,000,000","36,000,000","38,000,000","38,000,000","40,000,000","43,000,000","58,000,000","65,000,000","68,000,000","84,000,000","84,000,000","106,000,000","102,000,000","229,000,000","111,000,000","550,000,000","609,000,000","594,000,000","585,000,000","459,000,000","420,000,000","394,000,000","313,000,000","241,000,000","121,000,000",,,,,,,,,,,,,,,,,,,,,,,,,,,,,,,,,,,,,,,,,,,,,,,,,,,,,,,,
				AmortizationOfIntangiblesIncomeStatement,,,,,,"50,000,000","50,000,000","50,000,000","50,000,000","50,000,000","50,000,000","50,000,000","50,000,000","53,000,000","49,000,000","37,000,000","38,000,000","41,000,000","74,000,000","89,000,000","90,000,000","67,000,000","68,000,000","68,000,000","62,000,000","72,000,000","77,000,000","72,000,000","73,000,000","74,000,000","74,000,000","70,000,000","73,000,000","75,000,000","74,000,000","78,000,000","81,000,000","72,000,000","76,000,000","76,000,000","36,000,000","7,000,000","4,000,000","4,000,000","3,000,000","19,000,000","12,000,000",,,,,,,"2,000,000","3,000,000","6,000,000","5,000,000","5,000,000","8,000,000","10,000,000","19,000,000","23,000,000","29,000,000","36,000,000","38,000,000","38,000,000","40,000,000","43,000,000","58,000,000","65,000,000","68,000,000","84,000,000","84,000,000","106,000,000","102,000,000","229,000,000","111,000,000","550,000,000","609,000,000","594,000,000","585,000,000","459,000,000","420,000,000","394,000,000","313,000,000","241,000,000","121,000,000",,,,,,,,,,,,,,,,,,,,,,,,,,,,,,,,,,,,,,,,,,,,,,,,,,,,,,,,
OperatingIncome,"23,876,000,000","5,936,000,000","5,034,000,000","5,706,000,000","7,200,000,000","6,902,000,000","6,551,000,000","4,801,000,000","4,174,000,000","6,224,000,000","7,277,000,000","5,273,000,000","4,470,000,000","5,590,000,000","5,119,000,000","3,932,000,000","3,679,000,000","4,626,000,000","4,834,000,000","2,732,000,000","2,568,000,000","4,286,000,000","4,206,000,000","3,144,000,000","2,720,000,000","4,510,000,000","4,560,000,000","3,925,000,000","2,647,000,000","3,665,000,000","3,628,000,000","2,719,000,000","2,519,000,000","3,155,000,000","3,841,000,000","3,832,000,000","3,810,000,000","4,599,000,000","4,785,000,000","3,935,000,000","4,158,000,000","4,023,000,000","4,136,000,000","3,981,000,000","3,448,000,000","2,500,000,000","2,642,000,000","79,000,000","721,000,000","1,790,000,000","3,132,000,000","2,351,000,000","2,391,000,000","3,054,000,000","2,269,000,000","1,432,000,000","1,750,000,000","1,945,000,000","1,472,000,000","1,072,000,000","1,718,000,000","3,309,000,000","3,100,000,000","2,649,000,000","3,032,000,000","2,900,000,000","2,373,000,000","2,381,000,000","2,476,000,000","2,562,000,000","2,309,000,000","1,276,000,000","1,391,000,000","1,464,000,000","970,000,000","653,000,000","1,315,000,000","1,008,000,000","389,000,000","340,000,000","717,000,000","2,594,000,000","2,865,000,000","2,429,000,000","2,616,000,000","2,813,000,000","2,389,000,000","2,320,000,000","2,637,000,000","2,836,000,000","2,156,000,000","1,606,000,000","1,946,000,000","2,393,000,000","2,289,000,000","2,338,000,000","2,867,000,000","2,806,000,000","1,927,000,000","1,515,000,000","1,305,000,000","1,270,000,000","1,389,000,000","1,326,000,000","1,267,000,000","518,000,000","970,000,000","972,000,000","927,000,000","859,000,000","869,500,000","844,600,000","818,800,000","611,200,000","328,000,000","282,600,000","268,300,000","249,800,000","238,000,000","322,900,000","269,200,000","205,800,000","232,500,000","217,400,000","202,600,000","167,700,000","127,300,000","132,400,000","713,100,000","-1,553,000,000","784,900,000","726,700,000","635,800,000","-1,088,700,000","501,100,000","439,000,000","394,500,000","-1,044,700,000","324,100,000","305,200,000","280,100,000","-1,107,200,000","311,700,000"
NetNonOperatingInterestIncomeExpense,"-357,000,000","-105,000,000","-107,000,000","-103,000,000","-42,000,000","1,000,000","7,000,000","-10,000,000","-3,000,000","-1,000,000","0","-8,000,000","-21,000,000","-61,000,000","-54,000,000","-20,000,000","-70,000,000","-95,000,000","-124,000,000","-136,000,000","-156,000,000","-93,000,000","-85,000,000","-25,000,000","-10,000,000","-20,000,000","-18,000,000","-11,000,000","-2,000,000","-24,000,000","-32,000,000","-34,000,000","-50,000,000","-3,000,000","9,000,000","4,000,000","-3,000,000","-7,000,000","22,000,000","20,000,000","22,000,000","29,000,000","35,000,000","29,000,000","29,000,000","24,000,000","34,000,000","37,000,000","95,000,000",,,,,,,,,,,,,,,,,,,,,,,,,,,,,,,,,,,,,,,,,,,,,,,,,,,,,,,,,,,,,,,,,,,,,,,,,,,,,,,,,,,,,,,,,,,,,,
	InterestIncomeNonOperating,"272,000,000","43,000,000","53,000,000","83,000,000","93,000,000","109,000,000","114,000,000","125,000,000","135,000,000","130,000,000","109,000,000","108,000,000","91,000,000","92,000,000","137,000,000","136,000,000","76,000,000","63,000,000","56,000,000","51,000,000","52,000,000","33,000,000","31,000,000","28,000,000","32,000,000","33,000,000","35,000,000","38,000,000","35,000,000","31,000,000","24,000,000","26,000,000","23,000,000","21,000,000","23,000,000","25,000,000","28,000,000","28,000,000","22,000,000","20,000,000","28,000,000","29,000,000","35,000,000","29,000,000",,"24,000,000","34,000,000","38,000,000","95,000,000",,,,,,,,,,,,,,,,,,,,,,,,,,,,,,,,,,,,,,,,,,,,,,,,,,,,,,,,,,,,,,,,,,,,,,,,,,,,,,,,,,,,,,,,,,,,,,
	InterestExpenseNonOperating,"629,000,000","148,000,000","160,000,000","186,000,000","135,000,000","108,000,000","107,000,000","135,000,000","138,000,000","131,000,000","109,000,000","116,000,000","112,000,000","153,000,000","191,000,000","156,000,000","146,000,000","158,000,000","180,000,000","187,000,000","208,000,000","126,000,000","116,000,000","53,000,000","42,000,000","53,000,000","53,000,000","49,000,000","37,000,000","55,000,000","56,000,000","60,000,000","73,000,000","24,000,000","14,000,000","21,000,000","31,000,000","35,000,000","0","0","6,000,000",,"0",,,"0","0","1,000,000","0",,,,,,,,,,,,,,,,,,,,,,,,,,,,,,,,,,,,,,,,,,,,,,,,,,,,,,,,,,,,,,,,,,,,,,,,,,,,,,,,,,,,,,,,,,,,,,
	TotalOtherFinanceCost,,,"74,000,000","29,000,000",,"-654,000,000","46,000,000","63,000,000","61,000,000","99,000,000","132,000,000","-459,000,000","102,000,000","571,000,000",,,,"104,000,000","132,000,000","126,000,000","82,000,000","14,000,000","104,000,000","13,000,000","-26,000,000","27,000,000","25,000,000","17,000,000","-112,000,000","32,000,000","32,000,000","37,000,000","50,000,000","11,000,000","-27,000,000","-55,000,000","-23,000,000",,,"-206,000,000","-185,000,000",,"-38,000,000","-11,000,000","-29,000,000",,,"-31,000,000","-95,000,000",,,,,,,,,,,,,,,,,,,,,,,,,,,,,,,,,,,,,,,,,,,,,,,,,,,,,,,,,,,,,,,,,,,,,,,,,,,,,,,,,,,,,,,,,,,,,,
OtherIncomeExpense,"1,559,000,000","1,657,000,000","114,000,000","332,000,000","-544,000,000","1,165,000,000","161,000,000","-67,000,000","376,000,000","-588,000,000","-135,000,000","264,000,000","562,000,000","506,000,000","865,000,000","660,000,000","206,000,000","-91,000,000","-392,000,000","-926,000,000","96,000,000","110,000,000","132,000,000","-136,000,000","-37,000,000","169,000,000","8,000,000","8,000,000","25,000,000","-90,000,000","328,000,000","8,000,000","-26,000,000","52,000,000","71,000,000","98,000,000","7,000,000","-5,000,000","85,000,000","-24,000,000","191,000,000","111,000,000","80,000,000","-18,000,000","-31,000,000","69,000,000","-144,000,000","-166,000,000","-187,000,000","-1,552,000,000","-425,000,000","-167,000,000","-418,000,000","-243,000,000","37,000,000","-91,000,000","-58,000,000","17,000,000","201,000,000","36,000,000","-5,000,000","-19,000,000","6,000,000","-23,000,000","4,000,000","41,000,000","-9,000,000","-11,000,000","15,000,000","-645,000,000","-69,000,000","-54,000,000","-129,000,000","-169,000,000","-104,000,000","-86,000,000","-53,000,000","-294,000,000","-362,000,000","-141,000,000","-32,000,000","542,000,000","696,000,000","2,131,000,000","384,000,000","295,000,000","-161,000,000","153,000,000","200,000,000","0",,,"-165,000,000",,,,"215,000,000",,"97,000,000","89,000,000","76,000,000",,"101,000,000","83,000,000","156,000,000",,"84,000,000","46,000,000","55,000,000","73,400,000","42,100,000","35,500,000","36,900,000","32,400,000","37,700,000","38,900,000","24,200,000","39,700,000","52,100,000","50,000,000","54,700,000","58,900,000","55,900,000","69,800,000","42,700,000","40,500,000","4,300,000","40,600,000",,,,,,,,,,,,,,,
	GainOnSaleOfSecurity,"2,207,000,000","1,762,000,000","96,000,000","318,000,000","32,000,000","660,000,000","335,000,000","-171,000,000","457,000,000","-590,000,000","253,000,000","-107,000,000","742,000,000","1,534,000,000","966,000,000","905,000,000","311,000,000","76,000,000","46,000,000","550,000,000","59,000,000","110,000,000","215,000,000","152,000,000","118,000,000","298,000,000","85,000,000","146,000,000","97,000,000","60,000,000","499,000,000","90,000,000","14,000,000",,,"47,000,000",,,,,,,,"193,000,000","-31,000,000",,"-79,000,000","-69,000,000","-113,000,000",,,,,,,,,,,,,,,,,,,,,,,,,,,,,,,,,,,,,,,,,,,,,,,,,,,,,,,,,,,,,,,,,,,,,,,,,,,,,,,,,,,,,,,,,,,,,,
	EarningsFromEquityInterest,"1,904,000,000","1,692,000,000","56,000,000","267,000,000","-111,000,000","378,000,000","137,000,000","380,000,000","434,000,000","-490,000,000","0","-70,000,000","-82,000,000","-103,000,000","-110,000,000","-8,000,000","-11,000,000","-8,000,000","-10,000,000","-12,000,000","-8,000,000","-14,000,000","-22,000,000","-11,000,000","-48,000,000","-27,000,000","-17,000,000","-14,000,000","-11,000,000","-13,000,000","-14,000,000","-19,000,000","-23,000,000","-162,000,000","53,000,000",,,,"92,000,000","-25,000,000","28,000,000","109,000,000","77,000,000","193,000,000","-31,000,000",,,"-69,000,000",,,"-396,000,000","-109,000,000",,"-19,000,000","148,000,000","-1,000,000","29,000,000","7,000,000","168,000,000","37,000,000","2,000,000","-25,000,000",,"-22,000,000","4,000,000","-3,000,000","-10,000,000","-8,000,000","19,000,000","-35,000,000","-63,000,000","-58,000,000","-127,000,000","-171,000,000","-96,000,000","-59,000,000","-46,000,000","-287,000,000","-182,000,000","3,000,000",,,,,,,,,,,,,,,,,,,,,,,,,,,,,,,,,,,,,,,,,,,,,,,,,,,,,,,,,,,,,,,
	SpecialIncomeCharges,"-501,000,000","-122,000,000","-15,000,000","-60,000,000","-305,000,000","-148,000,000","-121,000,000","-223,000,000","-23,000,000","-52,000,000","-256,000,000","-26,000,000","-17,000,000","-415,000,000","-14,000,000","-660,000,000","-128,000,000","-150,000,000","-420,000,000","-1,474,000,000","-29,000,000","-65,000,000","-42,000,000","-289,000,000","-143,000,000","-95,000,000","-53,000,000","-118,000,000","-175,000,000","-129,000,000","-157,000,000","-60,000,000","-17,000,000","-249,000,000","18,000,000","98,000,000","7,000,000","90,000,000","-7,000,000","1,000,000","163,000,000","2,000,000","3,000,000","-211,000,000","0","239,000,000","-144,000,000","-97,000,000","-187,000,000","-2,116,000,000","-29,000,000","-58,000,000","-418,000,000","-224,000,000","-111,000,000","-90,000,000","-87,000,000","10,000,000","33,000,000","-1,000,000","-7,000,000","6,000,000","6,000,000","-1,000,000",,"44,000,000","1,000,000","-3,000,000","-4,000,000","-610,000,000","-6,000,000","4,000,000","-2,000,000","2,000,000","-8,000,000","-27,000,000","-7,000,000","-7,000,000","-180,000,000","-144,000,000","-32,000,000","542,000,000","696,000,000","2,131,000,000","384,000,000","295,000,000","-161,000,000","153,000,000","200,000,000","0",,,"-165,000,000",,,,"215,000,000",,"97,000,000","89,000,000","76,000,000",,"101,000,000","83,000,000","156,000,000",,"84,000,000","46,000,000","55,000,000","73,400,000","42,100,000","35,500,000","36,900,000","32,400,000","37,700,000","38,900,000","24,200,000","39,700,000","52,100,000","50,000,000","54,700,000","58,900,000","55,900,000","69,800,000","42,700,000","40,500,000","4,300,000","40,600,000",,,,,,,,,,,,,,,
		RestructuringAndMergernAcquisition,"198,000,000","108,000,000","-17,000,000","1,000,000","105,000,000","105,000,000","104,000,000","184,000,000","0","0","-72,000,000",,"0","195,000,000","4,000,000","105,000,000","80,000,000","100,000,000","372,000,000","1,414,000,000","0","-13,000,000","14,000,000","248,000,000","105,000,000","57,000,000","20,000,000","81,000,000","137,000,000","116,000,000","124,000,000",,,,,,,,,,,"0","0","0","0","3,000,000","63,000,000","91,000,000","74,000,000","251,000,000","34,000,000","96,000,000","329,000,000","7,000,000","125,000,000","82,000,000","75,000,000","457,000,000","98,000,000",,,,,,,,,,,,,,,,,,,,,,,,,,,,,,,,,,,,,,,,,,,,,,,,,,,,,,,,,,,,,,,,,,,,,,,,,,,,,,,,,,,,
		WriteOff,"303,000,000","14,000,000","32,000,000","59,000,000","200,000,000","43,000,000","17,000,000","39,000,000","23,000,000","52,000,000","328,000,000","26,000,000","17,000,000","220,000,000","10,000,000","555,000,000","48,000,000","50,000,000","48,000,000","60,000,000","29,000,000","78,000,000","28,000,000","41,000,000","38,000,000","38,000,000","33,000,000","37,000,000","38,000,000","13,000,000","33,000,000","60,000,000","17,000,000",,,,,,,,,,,,,,,,,,,,,,,,,,,,,,,,,,,,,,,,,,,,,,,,,,,,,,,,,,,,,,,,,,,,,,,,,,,,,,,,,,,,,,,,,,,,,,,,,,,,,,,,,,,,,,
		OtherSpecialCharges,,,,,,,,,,,,,,,,,,,,,,,,,,,,,,,,,,,,,,,,,,"-2,000,000","-77,000,000","211,000,000",,"-242,000,000","81,000,000","6,000,000","113,000,000","1,865,000,000","-5,000,000","-38,000,000","89,000,000","217,000,000","-14,000,000","8,000,000","12,000,000","-467,000,000","-131,000,000",,,,,,,,,,,,,,,,,,,,,,,,,,,,,,,,,,,,,,,,,,,,,,,,,,,,,,,,,,,,,,,,,,,,,,,,,,,,,,,,,,,,
	OtherNonOperatingIncomeExpenses,"-147,000,000","17,000,000","33,000,000","74,000,000","-271,000,000","653,000,000","-53,000,000","-53,000,000","-58,000,000","-98,000,000","-132,000,000","467,000,000","-81,000,000","-510,000,000","23,000,000","423,000,000","34,000,000","-9,000,000","-8,000,000","10,000,000","74,000,000","79,000,000","-19,000,000","12,000,000","36,000,000","-7,000,000","-7,000,000","-6,000,000","114,000,000","-8,000,000",,"-3,000,000",,,,,,,,,,,,,,,,,,,,,,,,,,,,,,,,,,,,,,,,,,,,,,,,,,,,,,,,,,,,,,,,,,,,,,,,,,,,,,,,,,,,,,,,,,,,,,,,,,,,,,,,,,,,,,,
PretaxIncome,"25,078,000,000","7,488,000,000","5,041,000,000","5,935,000,000","6,614,000,000","8,068,000,000","6,719,000,000","4,724,000,000","4,547,000,000","5,635,000,000","7,142,000,000","5,529,000,000","5,011,000,000","6,035,000,000","5,930,000,000","4,572,000,000","3,815,000,000","4,440,000,000","4,318,000,000","1,670,000,000","2,508,000,000","4,303,000,000","4,253,000,000","2,983,000,000","2,673,000,000","4,659,000,000","4,550,000,000","3,922,000,000","2,670,000,000","3,551,000,000","3,924,000,000","2,693,000,000","2,443,000,000","3,204,000,000","3,921,000,000","3,934,000,000","3,814,000,000","4,587,000,000","4,892,000,000","3,931,000,000","4,371,000,000","4,163,000,000","4,251,000,000","4,185,000,000","3,446,000,000","2,593,000,000","2,532,000,000","-50,000,000","629,000,000","369,000,000","2,833,000,000","2,313,000,000","2,171,000,000","3,261,000,000","2,503,000,000","1,529,000,000","1,873,000,000","2,127,000,000","1,814,000,000","1,253,000,000","1,874,000,000","3,462,000,000","3,243,000,000","2,754,000,000","3,151,000,000","3,027,000,000","2,426,000,000","2,420,000,000","2,544,000,000","2,580,000,000","2,275,000,000","1,271,000,000","1,316,000,000","1,347,000,000","917,000,000","623,000,000","1,317,000,000","794,000,000","137,000,000","346,000,000","906,000,000","3,375,000,000","3,823,000,000","4,749,000,000","3,194,000,000","3,262,000,000","2,372,000,000","2,610,000,000","2,984,000,000","3,080,000,000","2,326,000,000","1,750,000,000","1,981,000,000","2,594,000,000","2,440,000,000","2,550,000,000","3,075,000,000","2,939,000,000","2,018,000,000","1,601,000,000","1,376,000,000","1,340,000,000","1,483,000,000","1,399,000,000","1,416,000,000","585,000,000","1,038,000,000","1,009,000,000","971,000,000","914,100,000","899,400,000","873,500,000","842,900,000","630,500,000","353,800,000","306,200,000","278,100,000","270,700,000","275,700,000","349,800,000","298,400,000","238,400,000","263,900,000","262,200,000","221,800,000","182,700,000","107,500,000","148,000,000",,,,,,,,,,,,,,,
TaxProvision,"4,179,000,000","1,631,000,000","765,000,000","830,000,000","953,000,000","1,163,000,000","729,000,000","545,000,000","573,000,000","440,000,000","744,000,000","523,000,000","557,000,000","6,722,000,000","1,414,000,000","1,764,000,000","851,000,000","878,000,000","940,000,000","340,000,000","462,000,000","690,000,000","1,144,000,000","277,000,000","681,000,000","998,000,000","1,233,000,000","1,126,000,000","740,000,000","926,000,000","974,000,000","693,000,000","398,000,000","736,000,000","949,000,000","1,107,000,000","1,076,000,000","1,227,000,000","1,424,000,000","977,000,000","1,211,000,000","983,000,000","1,296,000,000","1,298,000,000","1,004,000,000","311,000,000","676,000,000","348,000,000","0","135,000,000","819,000,000","712,000,000","728,000,000","990,000,000","712,000,000","251,000,000","237,000,000","626,000,000","513,000,000","368,000,000","517,000,000","1,009,000,000","1,248,000,000","716,000,000","973,000,000","904,000,000","520,000,000","663,000,000","814,000,000","407,000,000","618,000,000","375,000,000","401,000,000","298,000,000","231,000,000","177,000,000","381,000,000","290,000,000","31,000,000","150,000,000","421,000,000","1,182,000,000","1,314,000,000","1,612,000,000","498,000,000","1,154,000,000","914,000,000","861,000,000","985,000,000","1,016,000,000","767,000,000","578,000,000","708,000,000","851,000,000","866,000,000","905,000,000","1,092,000,000","1,029,000,000","706,000,000","560,000,000","482,000,000","473,000,000","552,000,000","520,000,000","527,000,000","213,000,000","379,000,000","369,000,000","354,000,000","320,000,000","315,000,000","305,000,000","295,000,000","202,000,000","113,000,000","93,000,000","94,000,000","82,000,000","74,000,000","119,000,000","101,000,000","74,500,000","92,000,000","91,500,000","78,000,000","60,000,000","35,500,000","48,700,000",,,,,,,,,,,,,,,
NetIncomeCommonStockholders,"20,899,000,000","5,857,000,000","4,276,000,000","5,105,000,000","5,661,000,000","6,905,000,000","5,990,000,000","4,179,000,000","3,974,000,000","5,195,000,000","6,398,000,000","5,006,000,000","4,454,000,000","-687,000,000","4,516,000,000","2,808,000,000","2,964,000,000","3,562,000,000","3,378,000,000","1,330,000,000","2,046,000,000","3,613,000,000","3,109,000,000","2,706,000,000","1,992,000,000","3,661,000,000","3,317,000,000","2,796,000,000","1,930,000,000","2,625,000,000","2,950,000,000","2,000,000,000","2,045,000,000","2,468,000,000","2,972,000,000","2,827,000,000","2,738,000,000","3,360,000,000","3,468,000,000","2,954,000,000","3,160,000,000","3,180,000,000","2,955,000,000","2,887,000,000","2,442,000,000","2,282,000,000","1,856,000,000","-398,000,000","629,000,000","234,000,000","2,014,000,000","1,601,000,000","1,443,000,000","2,271,000,000","1,791,000,000","1,278,000,000","1,636,000,000","1,501,000,000","1,301,000,000","885,000,000","1,357,000,000","2,453,000,000","1,995,000,000","2,038,000,000","2,178,000,000","2,123,000,000","1,906,000,000","1,757,000,000","1,730,000,000","2,173,000,000","1,657,000,000","896,000,000","915,000,000","1,049,000,000","686,000,000","446,000,000","936,000,000","504,000,000","106,000,000","196,000,000","485,000,000","2,193,000,000","2,509,000,000","3,137,000,000","2,696,000,000","2,108,000,000","1,458,000,000","1,749,000,000","1,999,000,000","2,064,000,000","1,559,000,000","1,172,000,000","1,273,000,000","1,743,000,000","1,574,000,000","1,645,000,000","1,983,000,000","1,910,000,000","1,312,000,000","1,041,000,000","894,000,000","867,000,000","931,000,000","879,000,000","889,000,000","372,000,000","659,000,000","640,000,000","617,000,000","594,100,000","584,400,000","568,500,000","547,900,000","428,500,000","240,800,000","213,200,000","184,100,000","188,700,000","201,700,000","230,800,000","197,400,000","163,900,000","171,900,000","170,700,000","143,800,000","122,700,000","72,000,000","99,300,000",,,,,,,,,,,,,,,
	NetIncome,"20,899,000,000","5,857,000,000","4,276,000,000","5,105,000,000","5,661,000,000","6,905,000,000","5,990,000,000","4,179,000,000","3,974,000,000","5,195,000,000","6,398,000,000","5,006,000,000","4,454,000,000","-687,000,000","4,516,000,000","2,808,000,000","2,964,000,000","3,562,000,000","3,378,000,000","1,330,000,000","2,046,000,000","3,613,000,000","3,109,000,000","2,706,000,000","1,992,000,000","3,661,000,000","3,317,000,000","2,796,000,000","1,930,000,000","2,625,000,000","2,950,000,000","2,000,000,000","2,045,000,000","2,468,000,000","2,972,000,000","2,827,000,000","2,738,000,000","3,360,000,000","3,468,000,000","2,954,000,000","3,160,000,000","3,180,000,000","2,955,000,000","2,887,000,000","2,442,000,000","2,282,000,000","1,856,000,000","-398,000,000","629,000,000","234,000,000","2,014,000,000","1,601,000,000","1,443,000,000","2,271,000,000","1,791,000,000","1,278,000,000","1,636,000,000","1,501,000,000","1,301,000,000","885,000,000","1,357,000,000","2,453,000,000","1,995,000,000","2,038,000,000","2,178,000,000","2,123,000,000","1,906,000,000","1,757,000,000","1,730,000,000","2,173,000,000","1,657,000,000","896,000,000","915,000,000","1,049,000,000","686,000,000","446,000,000","936,000,000","504,000,000","106,000,000","196,000,000","485,000,000","2,193,000,000","2,509,000,000","3,137,000,000","2,696,000,000","2,108,000,000","1,458,000,000","1,749,000,000","1,999,000,000","2,064,000,000","1,559,000,000","1,172,000,000","1,273,000,000","1,743,000,000","1,574,000,000","1,645,000,000","1,983,000,000","1,910,000,000","1,312,000,000","1,041,000,000","894,000,000","867,000,000","931,000,000","879,000,000","889,000,000","372,000,000","659,000,000","640,000,000","617,000,000","594,100,000","584,400,000","568,500,000","547,900,000","428,500,000","240,800,000","213,200,000","184,100,000","188,700,000","201,700,000","230,800,000","197,400,000","163,900,000","171,900,000","170,700,000","143,800,000","122,700,000","72,000,000","99,300,000",,,,,,,,,,,,,,,
		NetIncomeIncludingNoncontrollingInterests,"20,899,000,000","5,857,000,000","4,276,000,000","5,105,000,000","5,661,000,000","6,905,000,000","5,990,000,000","4,179,000,000","3,974,000,000","5,195,000,000","6,398,000,000","5,006,000,000","4,454,000,000","-687,000,000","4,516,000,000","2,808,000,000","2,964,000,000","3,562,000,000","3,378,000,000","1,330,000,000","2,046,000,000","3,613,000,000","3,109,000,000","2,706,000,000","1,992,000,000","3,661,000,000","3,317,000,000","2,796,000,000","1,930,000,000","2,625,000,000","2,950,000,000","2,000,000,000","2,045,000,000","2,468,000,000","2,972,000,000","2,827,000,000","2,738,000,000","3,360,000,000","3,468,000,000","2,954,000,000","3,160,000,000","3,180,000,000","2,955,000,000","2,887,000,000","2,442,000,000","2,282,000,000","1,856,000,000","-398,000,000","629,000,000","234,000,000","2,014,000,000","1,601,000,000","1,443,000,000","2,271,000,000","1,791,000,000","1,278,000,000","1,636,000,000","1,501,000,000","1,301,000,000","885,000,000","1,357,000,000","2,453,000,000","1,995,000,000","2,038,000,000","2,178,000,000","2,123,000,000","1,906,000,000","1,757,000,000","1,730,000,000","2,173,000,000","1,657,000,000","896,000,000","915,000,000","1,049,000,000","686,000,000","446,000,000","936,000,000","504,000,000","106,000,000","196,000,000","485,000,000","2,193,000,000","2,509,000,000","3,137,000,000","2,696,000,000","2,108,000,000","1,458,000,000","1,749,000,000","1,999,000,000","2,064,000,000","1,559,000,000","1,172,000,000","1,273,000,000","1,743,000,000","1,574,000,000","1,645,000,000","1,983,000,000","1,910,000,000","1,312,000,000","1,041,000,000","894,000,000","867,000,000","931,000,000","879,000,000","889,000,000","372,000,000","659,000,000","640,000,000","617,000,000","594,100,000","584,400,000","568,500,000","547,900,000","428,500,000","240,800,000","213,200,000","184,100,000","188,700,000","201,700,000","230,800,000","197,400,000","163,900,000","171,900,000","170,700,000","143,800,000","122,700,000","72,000,000","99,300,000","97,000,000","85,800,000","142,700,000","130,700,000","93,700,000","72,000,000","52,000,000","31,500,000","20,000,000","-26,600,000","-114,200,000","-22,900,000","-29,800,000","-14,900,000","-3,600,000"
			NetIncomeContinuousOperations,"20,899,000,000","5,857,000,000","4,276,000,000","5,105,000,000","5,661,000,000","6,905,000,000","5,990,000,000","4,179,000,000","3,974,000,000","5,195,000,000","6,398,000,000","5,006,000,000","4,454,000,000","-687,000,000","4,516,000,000","2,808,000,000","2,964,000,000","3,562,000,000","3,378,000,000","1,330,000,000","2,046,000,000","3,613,000,000","3,109,000,000","2,706,000,000","1,992,000,000","3,661,000,000","3,317,000,000","2,796,000,000","1,930,000,000","2,625,000,000","2,950,000,000","2,000,000,000","2,045,000,000","2,468,000,000","2,972,000,000","2,827,000,000","2,738,000,000","3,360,000,000","3,468,000,000","2,954,000,000","3,160,000,000","3,180,000,000","2,955,000,000","2,887,000,000","2,442,000,000","2,282,000,000","1,856,000,000","-398,000,000","629,000,000","234,000,000","2,014,000,000","1,601,000,000","1,443,000,000","2,271,000,000","1,791,000,000","1,278,000,000","1,636,000,000","1,501,000,000","1,301,000,000","885,000,000","1,357,000,000","2,453,000,000","1,995,000,000","2,038,000,000","2,178,000,000","2,123,000,000","1,906,000,000","1,757,000,000","1,730,000,000","2,173,000,000","1,657,000,000","896,000,000","915,000,000","1,049,000,000","686,000,000","446,000,000","936,000,000","504,000,000","106,000,000","196,000,000","485,000,000","2,193,000,000","2,509,000,000","3,137,000,000","2,696,000,000","2,108,000,000","1,458,000,000","1,749,000,000","1,999,000,000","2,064,000,000","1,559,000,000","1,172,000,000","1,273,000,000","1,743,000,000","1,574,000,000","1,645,000,000","1,983,000,000","1,910,000,000","1,312,000,000","1,041,000,000","894,000,000","867,000,000","931,000,000","879,000,000","889,000,000","372,000,000","659,000,000","640,000,000","617,000,000","594,100,000","584,400,000","568,500,000","547,900,000","428,500,000","240,800,000","213,200,000","184,100,000","188,700,000","201,700,000","230,800,000","197,400,000","163,900,000","171,900,000","170,700,000","143,800,000","122,700,000","72,000,000","99,300,000","97,000,000","85,800,000","142,700,000","130,700,000","93,700,000","72,000,000","52,000,000","31,500,000","20,000,000","-26,600,000","-114,200,000","-22,900,000","-29,800,000","-14,900,000","-3,600,000"
DilutedNIAvailtoComStockholders,"20,899,000,000","5,857,000,000","4,276,000,000","5,105,000,000","5,661,000,000","6,905,000,000","5,990,000,000","4,179,000,000","3,974,000,000","5,195,000,000","6,398,000,000","5,006,000,000","4,454,000,000","-687,000,000","4,516,000,000","2,808,000,000","2,964,000,000","3,562,000,000","3,378,000,000","1,330,000,000","2,046,000,000","3,613,000,000","3,109,000,000","2,706,000,000","1,992,000,000","3,661,000,000","3,317,000,000","2,796,000,000","1,930,000,000","2,625,000,000","2,950,000,000","2,000,000,000","2,045,000,000","2,468,000,000","2,972,000,000","2,827,000,000","2,738,000,000","3,360,000,000","3,468,000,000","2,954,000,000","3,160,000,000","3,180,000,000","2,955,000,000","2,887,000,000","2,442,000,000","2,282,000,000","1,856,000,000","-398,000,000","629,000,000","234,000,000","2,014,000,000","1,601,000,000","1,443,000,000","2,271,000,000","1,791,000,000","1,278,000,000","1,636,000,000","1,501,000,000","1,301,000,000","885,000,000","1,357,000,000","2,453,000,000","1,995,000,000","2,038,000,000","2,178,000,000","2,123,000,000","1,906,000,000","1,757,000,000","1,730,000,000","2,173,000,000","1,657,000,000","896,000,000","915,000,000","1,049,000,000","686,000,000","446,000,000","936,000,000","504,000,000","106,000,000","196,000,000","485,000,000","2,193,000,000","2,509,000,000","3,137,000,000","2,696,000,000","2,108,000,000","1,458,000,000","1,749,000,000","1,999,000,000","2,064,000,000","1,559,000,000","1,172,000,000","1,273,000,000","1,743,000,000","1,574,000,000","1,645,000,000","1,983,000,000","1,910,000,000","1,312,000,000","1,041,000,000","894,000,000","867,000,000","931,000,000","879,000,000","889,000,000","372,000,000","659,000,000","640,000,000","617,000,000","594,100,000","584,400,000","568,500,000","547,900,000","428,500,000","240,800,000","213,200,000","184,100,000","188,700,000","201,700,000","230,800,000","197,400,000","163,900,000","171,900,000","170,700,000","143,800,000","122,700,000","72,000,000","99,300,000",,,,,,,,,,,,,,,
BasicEPS,,"1.43","1.02","1.2","1.33","1.6","1.36","0.94","0.88","1.14","1.4","1.08","0.95","-0.15","0.96","0.6","0.63","0.75","0.71","0.28","0.43","0.77","0.65","0.57","0.42","0.77","0.68","0.56","0.39","0.53","0.59","0.4","0.41","0.5","0.59","0.56","0.55",,"0.67","1.14","0.58",,"0.53","0.52","0.44",,"0.34","-0.07","0.12",,"0.36","0.28","0.25",,"0.31","0.22","0.28",,"0.23","0.15","0.23",,"0.33","0.33","0.35",,"0.3","0.27","0.27",,"0.25","0.14","0.14",,"0.1","0.07","0.14",,"0.02","0.03","0.07",,"0.37","0.47","0.41",,"0.22","0.27","0.3",,"0.24","0.18","0.2",,"0.24","0.26","0.31",,"0.2","0.16","0.14",,"0.14","0.13","0.13",,"0.1","0.1","0.09",,"0.09","0.09","0.08",,"0.04","0.04","0.03",,"0.03","0.04","0.03",,"0.03","0.03","0.03",,"0.02","0.02","0.02",,"0.03","0.03","0.02",,"0.01","0.01","0.01",,"-0.03","-0.01","-0.01",,"-0.01"
DilutedEPS,,"1.42","1.02","1.19","1.31","1.58","1.35","0.92","0.87","1.12","1.38","1.05","0.93","-0.15","0.94","0.58","0.61","0.73","0.69","0.27","0.42","0.74","0.64","0.55","0.41","0.74","0.66","0.55","0.38","0.51","0.58","0.39","0.4","0.48","0.58","0.54","0.53",,"0.65","1.11","0.56",,"0.52","0.51","0.43",,"0.33","-0.07","0.11",,"0.35","0.28","0.25",,"0.3","0.22","0.28",,"0.22","0.15","0.23",,"0.32","0.33","0.35",,"0.3","0.27","0.26",,"0.25","0.14","0.14",,"0.1","0.07","0.14",,"0.02","0.03","0.07",,"0.36","0.45","0.39",,"0.21","0.26","0.29",,"0.23","0.17","0.18",,"0.22","0.23","0.28",,"0.19","0.15","0.13",,"0.14","0.13","0.13",,"0.1","0.1","0.09",,"0.09","0.09","0.08",,"0.04","0.04","0.03",,"0.03","0.04","0.03",,"0.03","0.03","0.03",,"0.02","0.02","0.02",,"0.03","0.03","0.02",,"0.01","0.01","0.01",,"-0.03","-0.01","-0.01",,"-0.01"
BasicAverageShares,,"4,094,000,000","4,188,000,000","4,246,000,000","4,266,000,000","4,319,000,000","4,391,000,000","4,466,000,000","4,492,000,000","4,549,000,000","4,574,000,000","4,649,000,000","4,674,000,000","4,683,000,000","4,688,000,000","4,710,000,000","4,723,000,000","4,735,000,000","4,734,000,000","4,729,000,000","4,722,000,000","4,722,000,000","4,747,000,000","4,759,000,000","4,741,000,000","4,769,000,000","4,880,000,000","4,981,000,000","4,974,000,000","4,971,000,000","4,981,000,000","4,978,000,000","4,948,000,000","4,968,000,000","4,996,000,000","5,022,000,000","4,999,000,000",,"5,194,000,000","5,376,000,000","5,452,000,000",,"5,575,000,000","5,563,000,000","5,529,000,000",,"5,537,000,000","5,595,000,000","5,573,000,000",,"5,603,000,000","5,699,000,000","5,787,000,000",,"5,837,000,000","5,809,000,000","5,777,000,000",,"5,769,000,000","5,801,000,000","5,854,000,000",,"6,062,000,000","6,144,000,000","6,211,000,000",,"6,375,000,000","6,449,000,000","6,480,000,000",,"6,517,000,000","6,525,000,000","6,556,000,000",,"6,646,000,000","6,677,000,000","6,684,000,000",,"6,718,000,000","6,725,000,000","6,721,000,000",,"6,719,000,000","6,710,000,000","6,682,000,000",,"6,650,000,000","6,620,000,000","6,648,000,000",,"6,712,000,000","6,764,000,000","6,564,000,000",,"7,188,000,000","7,188,000,000","7,200,000,000",,"7,080,000,000","7,104,000,000","7,040,000,000",,"7,112,000,000","7,104,000,000","6,976,000,000",,"6,944,000,000","6,992,000,000","7,072,000,000",,"6,493,333,333","6,316,666,667","6,848,750,000",,"6,020,000,000","5,330,000,000","6,136,666,667",,"6,723,333,333","5,770,000,000","6,580,000,000",,"5,730,000,000","5,690,000,000","4,793,333,333",,"4,907,500,000","4,965,000,000","5,777,280,000",,"5,671,424,000","5,386,624,000","5,386,624,000",,"5,223,296,000","5,223,296,000","5,650,272,000",,"5,568,960,000","5,568,960,000","5,568,960,000",,"5,500,928,000"
DilutedAverageShares,,"4,119,000,000","4,211,000,000","4,284,000,000","4,312,000,000","4,373,000,000","4,433,000,000","4,523,000,000","4,564,000,000","4,619,000,000","4,648,000,000","4,747,000,000","4,790,000,000","4,683,000,000","4,821,000,000","4,845,000,000","4,881,000,000","4,881,000,000","4,877,000,000","4,866,000,000","4,875,000,000","4,876,000,000","4,876,000,000","4,909,000,000","4,914,000,000","4,940,000,000","5,045,000,000","5,123,000,000","5,117,000,000","5,103,000,000","5,100,000,000","5,106,000,000","5,080,000,000","5,095,000,000","5,153,000,000","5,199,000,000","5,192,000,000",,"5,340,000,000","5,527,000,000","5,606,000,000",,"5,694,000,000","5,711,000,000","5,681,000,000",,"5,616,000,000","5,595,000,000","5,634,000,000",,"5,692,000,000","5,800,000,000","5,879,000,000",,"5,967,000,000","5,917,000,000","5,874,000,000",,"5,832,000,000","5,868,000,000","5,954,000,000",,"6,144,000,000","6,215,000,000","6,273,000,000",,"6,442,000,000","6,558,000,000","6,624,000,000",,"6,625,000,000","6,580,000,000","6,610,000,000",,"6,712,000,000","6,803,000,000","6,861,000,000",,"6,876,000,000","6,889,000,000","6,899,000,000",,"7,007,000,000","7,005,000,000","6,994,000,000",,"6,944,000,000","6,892,000,000","6,956,000,000",,"7,012,000,000","7,076,000,000","7,100,000,000",,"7,188,000,000","7,188,000,000","7,200,000,000",,"7,080,000,000","7,104,000,000","7,040,000,000",,"7,112,000,000","7,104,000,000","6,976,000,000",,"6,944,000,000","6,992,000,000","7,072,000,000",,"6,493,333,333","6,316,666,667","6,848,750,000",,"6,020,000,000","5,330,000,000","6,136,666,667",,"6,723,333,333","5,770,000,000","6,580,000,000",,"5,730,000,000","5,690,000,000","4,793,333,333",,"4,907,500,000","4,965,000,000","5,777,280,000",,"5,671,424,000","5,386,624,000","5,386,624,000",,"5,223,296,000","5,223,296,000","5,650,272,000",,"5,568,960,000","5,568,960,000","5,568,960,000",,"5,500,928,000"
TotalOperatingIncomeAsReported,"23,678,000,000","5,884,000,000","5,059,000,000","5,697,000,000","7,038,000,000","6,797,000,000","6,447,000,000","4,617,000,000","4,174,000,000","6,224,000,000","7,349,000,000","5,273,000,000","4,470,000,000","5,395,000,000","5,115,000,000","3,827,000,000","3,599,000,000","4,526,000,000","4,462,000,000","1,318,000,000","2,568,000,000","4,299,000,000","4,192,000,000","2,896,000,000","2,615,000,000","4,453,000,000","4,540,000,000","3,844,000,000","2,510,000,000","3,549,000,000","3,504,000,000","2,719,000,000","2,519,000,000","3,155,000,000","3,841,000,000","3,832,000,000","3,810,000,000","4,599,000,000","4,785,000,000","3,935,000,000","4,158,000,000","4,023,000,000","4,136,000,000","3,981,000,000","3,448,000,000","2,497,000,000","2,579,000,000","-12,000,000","647,000,000","1,539,000,000","3,098,000,000","2,255,000,000","2,062,000,000","3,047,000,000","2,144,000,000","1,350,000,000","1,675,000,000","1,488,000,000","1,374,000,000","1,072,000,000","1,718,000,000","3,309,000,000","3,100,000,000","2,649,000,000","3,032,000,000","2,900,000,000","2,373,000,000","2,381,000,000","2,476,000,000","2,562,000,000","2,304,000,000","1,276,000,000","1,391,000,000","1,464,000,000","964,000,000","639,000,000","1,315,000,000","1,008,000,000","389,000,000","217,000,000","642,000,000","2,576,000,000","2,857,000,000","2,408,000,000","2,554,000,000","2,754,000,000","2,056,000,000","2,320,000,000","2,637,000,000","2,836,000,000","2,156,000,000","1,606,000,000","1,781,000,000","2,393,000,000","2,289,000,000","2,338,000,000","2,867,000,000","2,806,000,000","1,927,000,000","1,515,000,000","1,305,000,000","1,270,000,000","1,389,000,000","1,326,000,000","1,267,000,000","518,000,000","970,000,000","972,000,000","927,000,000","859,000,000","869,500,000","844,600,000","818,800,000","611,200,000","328,000,000","282,600,000","268,300,000","249,800,000","238,000,000","322,900,000","269,200,000","205,800,000","232,500,000","217,400,000","202,600,000","167,700,000","127,300,000","132,400,000",,,,,,,,,,,,,,,
TotalExpenses,"53,991,000,000","14,042,000,000","13,299,000,000","14,022,000,000","12,628,000,000","13,307,000,000","12,639,000,000","11,704,000,000","11,887,000,000","12,433,000,000","11,886,000,000","11,689,000,000","11,596,000,000","11,463,000,000","11,030,000,000","10,831,000,000","11,117,000,000","11,748,000,000","10,944,000,000","10,801,000,000","11,134,000,000","10,628,000,000","10,259,000,000","10,051,000,000","10,061,000,000","10,211,000,000","9,994,000,000","9,906,000,000","10,117,000,000","10,169,000,000","9,855,000,000","10,092,000,000","10,061,000,000","10,322,000,000","9,616,000,000","9,669,000,000","9,096,000,000","9,288,000,000","9,448,000,000","9,097,000,000","8,689,000,000","7,434,000,000","6,966,000,000","6,784,000,000","6,851,000,000","8,069,000,000","6,747,000,000","7,945,000,000","6,424,000,000","6,436,000,000","7,085,000,000","7,119,000,000","7,282,000,000","7,658,000,000","7,821,000,000","7,248,000,000","7,102,000,000","7,749,000,000","7,267,000,000","6,937,000,000","7,222,000,000","6,892,000,000","6,860,000,000","6,582,000,000","6,402,000,000","6,698,000,000","6,098,000,000","5,668,000,000","5,615,000,000","6,179,000,000","5,524,000,000","5,540,000,000","5,360,000,000","5,696,000,000","5,534,000,000","5,666,000,000","5,466,000,000","5,975,000,000","6,156,000,000","5,994,000,000","5,960,000,000","6,108,000,000","5,866,000,000","5,871,000,000","5,377,000,000","5,399,000,000","4,939,000,000","4,426,000,000","4,466,000,000","4,778,000,000","4,575,000,000","4,321,000,000","4,055,000,000","4,114,000,000","3,866,000,000","3,622,000,000","3,581,000,000","3,634,000,000","3,215,000,000","3,106,000,000","3,339,000,000","3,310,000,000","2,782,000,000","2,568,000,000","2,290,000,000","2,710,000,000","1,893,000,000","1,798,000,000","1,733,000,000","1,530,000,000","1,370,300,000","1,285,000,000","1,204,800,000","1,245,600,000","1,098,200,000","1,037,100,000","973,000,000","955,600,000","949,700,000","929,800,000","863,600,000","840,300,000","779,900,000","750,900,000","691,900,000","727,200,000","644,100,000","614,900,000",,,,,,,,,,,,,,,
NetIncomeFromContinuingAndDiscontinuedOperation,"20,899,000,000","5,857,000,000","4,276,000,000","5,105,000,000","5,661,000,000","6,905,000,000","5,990,000,000","4,179,000,000","3,974,000,000","5,195,000,000","6,398,000,000","5,006,000,000","4,454,000,000","-687,000,000","4,516,000,000","2,808,000,000","2,964,000,000","3,562,000,000","3,378,000,000","1,330,000,000","2,046,000,000","3,613,000,000","3,109,000,000","2,706,000,000","1,992,000,000","3,661,000,000","3,317,000,000","2,796,000,000","1,930,000,000","2,625,000,000","2,950,000,000","2,000,000,000","2,045,000,000","2,468,000,000","2,972,000,000","2,827,000,000","2,738,000,000","3,360,000,000","3,468,000,000","2,954,000,000","3,160,000,000","3,180,000,000","2,955,000,000","2,887,000,000","2,442,000,000","2,282,000,000","1,856,000,000","-398,000,000","629,000,000","234,000,000","2,014,000,000","1,601,000,000","1,443,000,000","2,271,000,000","1,791,000,000","1,278,000,000","1,636,000,000","1,501,000,000","1,301,000,000","885,000,000","1,357,000,000","2,453,000,000","1,995,000,000","2,038,000,000","2,178,000,000","2,123,000,000","1,906,000,000","1,757,000,000","1,730,000,000","2,173,000,000","1,657,000,000","896,000,000","915,000,000","1,049,000,000","686,000,000","446,000,000","936,000,000","504,000,000","106,000,000","196,000,000","485,000,000","2,193,000,000","2,509,000,000","3,137,000,000","2,696,000,000","2,108,000,000","1,458,000,000","1,749,000,000","1,999,000,000","2,064,000,000","1,559,000,000","1,172,000,000","1,273,000,000","1,743,000,000","1,574,000,000","1,645,000,000","1,983,000,000","1,910,000,000","1,312,000,000","1,041,000,000","894,000,000","867,000,000","931,000,000","879,000,000","889,000,000","372,000,000","659,000,000","640,000,000","617,000,000","594,100,000","584,400,000","568,500,000","547,900,000","428,500,000","240,800,000","213,200,000","184,100,000","188,700,000","201,700,000","230,800,000","197,400,000","163,900,000","171,900,000","170,700,000","143,800,000","122,700,000","72,000,000","99,300,000",,,,,,,,,,,,,,,
NormalizedIncome,"19,477,902,000","4,574,216,880.342","4,207,312,000","4,883,120,000","5,894,688,000","6,466,804,660.387","5,799,112,000","4,527,690,000","3,594,684,000","5,786,870,452.529","6,400,688,000","5,126,365,000","3,809,475,000","-1,358,400,000","3,790,576,000","2,657,570,000","2,821,809,000","3,621,366,666.667","3,670,468,000","2,065,504,000","2,021,520,000","3,575,215,895.887","2,982,537,000","2,830,259,000","2,010,625,000","3,501,484,438.721","3,293,672,000","2,776,036,000","1,986,394,000","2,676,006,758.66","2,692,816,000","1,977,710,000","2,047,511,000","2,659,801,498.127","2,958,356,000","2,756,538,000","2,732,974,000","3,294,074,558.535","3,472,962,387.572","2,953,248,537.268","3,042,159,688.858","3,178,472,255.585","2,952,914,608.327","3,032,557,228.196","2,442,000,000","2,071,665,252.603","1,961,554,502.37","-334,950,000","816,000,000","1,575,853,658.537","2,034,616,307.801","1,641,146,130.566","1,720,832,335.329","2,426,996,320.147","1,870,425,089.892","1,353,225,637.672","1,711,991,457.555","1,493,943,112.365","1,277,332,414.553","885,706,304.868","1,362,068,836.713","2,448,748,700.173","1,991,308,973.173","2,038,740,014.524","2,178,000,000","2,092,140,403.039","1,905,214,344.6","1,759,178,099.174","1,732,720,125.786","2,686,771,317.829","1,661,370,109.89","893,180,173.092","916,390,577.508","1,047,442,464.736","691,984,732.824","465,329,052.97","940,974,943.052","508,443,324.937","245,270,072.993","282,400,000","504,200,000","1,840,820,444.444","2,052,221,553.754","1,729,346,388.713","2,371,872,260.488","1,917,362,354.384","1,556,962,057.336","1,646,472,413.793","1,865,018,766.756","2,064,000,000","1,559,000,000","1,172,000,000","1,379,029,782.938","1,743,000,000","1,574,000,000","1,645,000,000","1,844,351,219.512","1,910,000,000","1,248,935,579.782","983,130,543.41","844,622,093.023","867,000,000","867,594,066.082","826,850,607.577","791,059,322.034","372,000,000","605,670,520.231","610,822,596.63","582,051,493.306","546,395,219.341","557,044,829.887","545,395,535.203","523,914,343.338","406,480,333.069","215,140,983.607","186,114,826.911","168,079,791.442","161,025,858.884","163,584,040.624","197,809,719.84","161,214,410.188","123,406,250","135,487,684.729","125,258,123.57","116,116,230.839","95,500,492.611","69,120,000","72,059,594.595",,,,,,,,,,,,,,,
InterestIncome,"272,000,000","43,000,000","53,000,000","83,000,000","93,000,000","109,000,000","114,000,000","125,000,000","135,000,000","130,000,000","109,000,000","108,000,000","91,000,000","92,000,000","137,000,000","136,000,000","76,000,000","63,000,000","56,000,000","51,000,000","52,000,000","33,000,000","31,000,000","28,000,000","32,000,000","33,000,000","35,000,000","38,000,000","35,000,000","31,000,000","24,000,000","26,000,000","23,000,000","21,000,000","23,000,000","25,000,000","28,000,000","28,000,000","22,000,000","20,000,000","28,000,000","29,000,000","35,000,000","29,000,000",,"24,000,000","34,000,000","38,000,000","95,000,000",,,,,,,,,,,,,,,,,,,,,,,,,,,,,,,,,,,,,,,,,,,,,,,,,,,,,,,,,,,,,,,,,,,,,,,,,,,,,,,,,,,,,,,,,,,,,,
InterestExpense,"629,000,000","148,000,000","160,000,000","186,000,000","135,000,000","108,000,000","107,000,000","135,000,000","138,000,000","131,000,000","109,000,000","116,000,000","112,000,000","153,000,000","191,000,000","156,000,000","146,000,000","158,000,000","180,000,000","187,000,000","208,000,000","126,000,000","116,000,000","53,000,000","42,000,000","53,000,000","53,000,000","49,000,000","37,000,000","55,000,000","56,000,000","60,000,000","73,000,000","24,000,000","14,000,000","21,000,000","31,000,000","35,000,000","0","0","6,000,000",,"0",,,"0","0","1,000,000","0",,,,,,,,,,,,,,,,,,,,,,,,,,,,,,,,,,,,,,,,,,,,,,,,,,,,,,,,,,,,,,,,,,,,,,,,,,,,,,,,,,,,,,,,,,,,,,
NetInterestIncome,"-357,000,000","-105,000,000","-107,000,000","-103,000,000","-42,000,000","1,000,000","7,000,000","-10,000,000","-3,000,000","-1,000,000","0","-8,000,000","-21,000,000","-61,000,000","-54,000,000","-20,000,000","-70,000,000","-95,000,000","-124,000,000","-136,000,000","-156,000,000","-93,000,000","-85,000,000","-25,000,000","-10,000,000","-20,000,000","-18,000,000","-11,000,000","-2,000,000","-24,000,000","-32,000,000","-34,000,000","-50,000,000","-3,000,000","9,000,000","4,000,000","-3,000,000","-7,000,000","22,000,000","20,000,000","22,000,000","29,000,000","35,000,000","29,000,000","29,000,000","24,000,000","34,000,000","37,000,000","95,000,000",,,,,,,,,,,,,,,,,,,,,,,,,,,,,,,,,,,,,,,,,,,,,,,,,,,,,,,,,,,,,,,,,,,,,,,,,,,,,,,,,,,,,,,,,,,,,,
EBIT,"25,707,000,000","7,636,000,000","5,201,000,000","6,121,000,000","6,749,000,000","8,176,000,000","6,826,000,000","4,859,000,000","4,685,000,000","5,766,000,000","7,251,000,000","5,645,000,000","5,123,000,000","6,188,000,000","6,121,000,000","4,728,000,000","3,961,000,000","4,598,000,000","4,498,000,000","1,857,000,000","2,716,000,000","4,429,000,000","4,369,000,000","3,036,000,000","2,715,000,000","4,712,000,000","4,603,000,000","3,971,000,000","2,707,000,000","3,606,000,000","3,980,000,000","2,753,000,000","2,516,000,000","3,228,000,000","3,935,000,000","3,955,000,000","3,845,000,000","4,622,000,000","4,892,000,000","3,931,000,000","4,377,000,000","4,480,000,000","4,251,000,000","3,981,000,000","3,448,000,000","2,593,000,000","2,532,000,000","-49,000,000","629,000,000","-180,000,000","3,132,000,000","2,351,000,000","2,391,000,000","3,054,000,000","2,269,000,000","1,432,000,000","1,750,000,000","1,945,000,000","1,472,000,000","1,072,000,000","1,718,000,000","3,309,000,000","3,100,000,000","2,649,000,000","3,032,000,000","2,900,000,000","2,373,000,000","2,381,000,000","2,476,000,000","2,562,000,000","2,309,000,000","1,276,000,000","1,391,000,000","1,464,000,000","970,000,000","653,000,000","1,315,000,000","1,008,000,000","389,000,000","340,000,000","717,000,000","2,594,000,000","2,865,000,000","2,429,000,000","2,616,000,000","2,813,000,000","2,389,000,000","2,320,000,000","2,637,000,000","2,836,000,000","2,156,000,000","1,606,000,000","1,946,000,000","2,393,000,000","2,289,000,000","2,338,000,000","2,867,000,000","2,806,000,000","1,927,000,000","1,515,000,000","1,305,000,000","1,270,000,000","1,389,000,000","1,326,000,000","1,267,000,000","518,000,000","970,000,000","972,000,000","927,000,000","859,000,000","869,500,000","844,600,000","818,800,000","611,200,000","328,000,000","282,600,000","268,300,000","249,800,000","238,000,000","322,900,000","269,200,000","205,800,000","232,500,000","217,400,000","202,600,000","167,700,000","127,300,000","132,400,000","713,100,000","-1,553,000,000","784,900,000","726,700,000","635,800,000","-1,088,700,000","501,100,000","439,000,000","394,500,000","-1,044,700,000","324,100,000","305,200,000","280,100,000","-1,107,200,000","311,700,000"
EBITDA,"37,946,000,000"
ReconciledCostOfRevenue,"34,255,000,000","8,630,000,000","8,592,000,000","9,221,000,000","7,812,000,000","5,413,000,000","5,266,000,000","4,123,000,000","4,397,000,000","4,987,000,000","4,579,000,000","4,471,000,000","4,189,000,000","4,199,000,000","4,086,000,000","3,714,000,000","3,741,000,000","4,380,000,000","3,941,000,000","3,732,000,000","3,647,000,000","3,245,000,000","3,147,000,000","2,824,000,000","3,014,000,000","2,998,000,000","2,975,000,000","2,816,000,000","3,217,000,000","3,381,000,000","3,122,000,000","3,420,000,000","3,523,000,000","3,730,000,000","3,123,000,000","3,186,000,000","2,937,000,000","3,418,000,000","3,762,000,000","3,702,000,000","3,556,000,000","2,852,000,000","2,643,000,000","2,385,000,000","2,632,000,000","2,487,000,000","2,762,000,000","3,945,000,000","3,907,000,000","3,857,000,000","4,198,000,000","4,221,000,000","4,466,000,000","3,317,000,000","3,759,000,000","3,398,000,000","3,174,000,000","3,662,000,000","3,197,000,000","2,633,000,000","2,802,000,000","2,816,000,000","2,927,000,000","2,947,000,000","2,618,000,000","3,048,000,000","2,572,000,000","2,087,000,000","2,046,000,000","1,980,000,000","2,082,000,000","2,157,000,000","2,059,000,000","2,184,000,000","2,165,000,000","2,185,000,000","2,116,000,000","2,309,000,000","2,499,000,000","2,257,000,000","2,291,000,000","2,444,000,000","2,346,000,000","2,519,000,000","2,092,000,000","2,328,000,000","2,222,000,000","2,771,000,000","2,912,000,000","3,176,000,000","3,192,000,000","3,027,000,000","2,749,000,000","2,691,000,000","2,604,000,000","2,343,000,000","2,307,000,000","2,392,000,000","2,201,000,000","2,150,000,000","2,421,000,000","2,389,000,000","2,008,000,000","1,805,000,000","1,609,000,000","2,023,000,000","1,273,000,000","1,156,000,000","1,124,000,000","712,000,000","656,500,000","600,300,000","566,100,000","583,600,000","507,900,000","486,200,000","462,100,000","467,200,000","491,000,000","484,500,000","454,600,000","450,300,000","408,400,000","405,400,000","373,800,000","424,900,000","374,000,000","352,300,000",,,,,,,,,,,,,,,
ReconciledDepreciation,"12,239,000,000","3,003,000,000","3,123,000,000","3,063,000,000","3,050,000,000","2,968,000,000","2,679,000,000","2,554,000,000","2,625,000,000","2,493,000,000","2,274,000,000","2,122,000,000","2,196,000,000","2,140,000,000","2,055,000,000","1,988,000,000","1,946,000,000","1,930,000,000","1,928,000,000","1,917,000,000","2,015,000,000","2,146,000,000","2,275,000,000","2,191,000,000","2,099,000,000","2,174,000,000","2,198,000,000","2,170,000,000","2,007,000,000","1,956,000,000","2,021,000,000","1,991,000,000","2,064,000,000","2,005,000,000","1,893,000,000","1,839,000,000","1,785,000,000","1,589,000,000","1,529,000,000","1,504,000,000","1,442,000,000","1,206,000,000","1,142,000,000","1,149,000,000","1,141,000,000","1,261,000,000","1,235,000,000","1,286,000,000","1,270,000,000","1,219,000,000","1,127,000,000","1,105,000,000","1,165,000,000","1,171,000,000","1,163,000,000","1,213,000,000","1,251,000,000","1,227,000,000","1,256,000,000","1,215,000,000","1,214,000,000","1,108,000,000","1,114,000,000","1,117,000,000","1,256,000,000","1,211,000,000","1,220,000,000","1,225,000,000","1,233,000,000","1,270,000,000","1,261,000,000","1,275,000,000","1,264,000,000","1,386,000,000","1,268,000,000","1,394,000,000","1,296,000,000","1,643,000,000","1,663,000,000","1,644,000,000","1,519,000,000","1,245,000,000","1,222,000,000","1,158,000,000","1,210,000,000","1,089,000,000","925,000,000","791,000,000","792,000,000","769,000,000","734,000,000","674,000,000","630,000,000","583,000,000","559,000,000","529,000,000","521,000,000","519,000,000","496,000,000","462,000,000","411,000,000","385,000,000","372,000,000","312,000,000","310,000,000","285,000,000","280,000,000","244,000,000","238,000,000","223,400,000","176,600,000","165,000,000","152,000,000","141,000,000","132,900,000","124,300,000","119,400,000","112,200,000","104,800,000","105,500,000","95,800,000","85,400,000","78,000,000","63,600,000","65,400,000","63,900,000","60,900,000","56,200,000",,,,,,,,,,,,,,,
NetIncomeFromContinuingOperationNetMinorityInterest,"20,899,000,000","5,857,000,000","4,276,000,000","5,105,000,000","5,661,000,000","6,905,000,000","5,990,000,000","4,179,000,000","3,974,000,000","5,195,000,000","6,398,000,000","5,006,000,000","4,454,000,000","-687,000,000","4,516,000,000","2,808,000,000","2,964,000,000","3,562,000,000","3,378,000,000","1,330,000,000","2,046,000,000","3,613,000,000","3,109,000,000","2,706,000,000","1,992,000,000","3,661,000,000","3,317,000,000","2,796,000,000","1,930,000,000","2,625,000,000","2,950,000,000","2,000,000,000","2,045,000,000","2,468,000,000","2,972,000,000","2,827,000,000","2,738,000,000","3,360,000,000","3,468,000,000","2,954,000,000","3,160,000,000","3,180,000,000","2,955,000,000","2,887,000,000","2,442,000,000","2,282,000,000","1,856,000,000","-398,000,000","629,000,000","234,000,000","2,014,000,000","1,601,000,000","1,443,000,000","2,271,000,000","1,791,000,000","1,278,000,000","1,636,000,000","1,501,000,000","1,301,000,000","885,000,000","1,357,000,000","2,453,000,000","1,995,000,000","2,038,000,000","2,178,000,000","2,123,000,000","1,906,000,000","1,757,000,000","1,730,000,000","2,173,000,000","1,657,000,000","896,000,000","915,000,000","1,049,000,000","686,000,000","446,000,000","936,000,000","504,000,000","106,000,000","196,000,000","485,000,000","2,193,000,000","2,509,000,000","3,137,000,000","2,696,000,000","2,108,000,000","1,458,000,000","1,749,000,000","1,999,000,000","2,064,000,000","1,559,000,000","1,172,000,000","1,273,000,000","1,743,000,000","1,574,000,000","1,645,000,000","1,983,000,000","1,910,000,000","1,312,000,000","1,041,000,000","894,000,000","867,000,000","931,000,000","879,000,000","889,000,000","372,000,000","659,000,000","640,000,000","617,000,000","594,100,000","584,400,000","568,500,000","547,900,000","428,500,000","240,800,000","213,200,000","184,100,000","188,700,000","201,700,000","230,800,000","197,400,000","163,900,000","171,900,000","170,700,000","143,800,000","122,700,000","72,000,000","99,300,000",,,,,,,,,,,,,,,
TotalUnusualItemsExcludingGoodwill,"1,706,000,000","1,640,000,000","81,000,000","258,000,000","-273,000,000","512,000,000","214,000,000","-394,000,000","434,000,000","-642,000,000","-3,000,000","-133,000,000","725,000,000","1,119,000,000","952,000,000","245,000,000","183,000,000","-74,000,000","-374,000,000","-924,000,000","30,000,000","45,000,000","173,000,000","-137,000,000","-25,000,000","203,000,000","32,000,000","28,000,000","-78,000,000","-69,000,000","342,000,000","30,000,000","-3,000,000","-249,000,000","18,000,000","98,000,000","7,000,000","90,000,000","-7,000,000","1,000,000","163,000,000","2,000,000","3,000,000","-211,000,000","0","239,000,000","-144,000,000","-97,000,000","-187,000,000","-2,116,000,000","-29,000,000","-58,000,000","-418,000,000","-224,000,000","-111,000,000","-90,000,000","-87,000,000","10,000,000","33,000,000","-1,000,000","-7,000,000","6,000,000","6,000,000","-1,000,000",,"44,000,000","1,000,000","-3,000,000","-4,000,000","-610,000,000","-6,000,000","4,000,000","-2,000,000","2,000,000","-8,000,000","-27,000,000","-7,000,000","-7,000,000","-180,000,000","-144,000,000","-32,000,000","542,000,000","696,000,000","2,131,000,000","384,000,000","295,000,000","-161,000,000","153,000,000","200,000,000","0",,,"-165,000,000",,,,"215,000,000",,"97,000,000","89,000,000","76,000,000",,"101,000,000","83,000,000","156,000,000",,"84,000,000","46,000,000","55,000,000","73,400,000","42,100,000","35,500,000","36,900,000","32,400,000","37,700,000","38,900,000","24,200,000","39,700,000","52,100,000","50,000,000","54,700,000","58,900,000","55,900,000","69,800,000","42,700,000","40,500,000","4,300,000","40,600,000",,,,,,,,,,,,,,,
TotalUnusualItems,"1,706,000,000","1,640,000,000","81,000,000","258,000,000","-273,000,000","512,000,000","214,000,000","-394,000,000","434,000,000","-642,000,000","-3,000,000","-133,000,000","725,000,000","1,119,000,000","952,000,000","245,000,000","183,000,000","-74,000,000","-374,000,000","-924,000,000","30,000,000","45,000,000","173,000,000","-137,000,000","-25,000,000","203,000,000","32,000,000","28,000,000","-78,000,000","-69,000,000","342,000,000","30,000,000","-3,000,000","-249,000,000","18,000,000","98,000,000","7,000,000","90,000,000","-7,000,000","1,000,000","163,000,000","2,000,000","3,000,000","-211,000,000","0","239,000,000","-144,000,000","-97,000,000","-187,000,000","-2,116,000,000","-29,000,000","-58,000,000","-418,000,000","-224,000,000","-111,000,000","-90,000,000","-87,000,000","10,000,000","33,000,000","-1,000,000","-7,000,000","6,000,000","6,000,000","-1,000,000",,"44,000,000","1,000,000","-3,000,000","-4,000,000","-610,000,000","-6,000,000","4,000,000","-2,000,000","2,000,000","-8,000,000","-27,000,000","-7,000,000","-7,000,000","-180,000,000","-144,000,000","-32,000,000","542,000,000","696,000,000","2,131,000,000","384,000,000","295,000,000","-161,000,000","153,000,000","200,000,000","0",,,"-165,000,000",,,,"215,000,000",,"97,000,000","89,000,000","76,000,000",,"101,000,000","83,000,000","156,000,000",,"84,000,000","46,000,000","55,000,000","73,400,000","42,100,000","35,500,000","36,900,000","32,400,000","37,700,000","38,900,000","24,200,000","39,700,000","52,100,000","50,000,000","54,700,000","58,900,000","55,900,000","69,800,000","42,700,000","40,500,000","4,300,000","40,600,000",,,,,,,,,,,,,,,
NormalizedEBITDA,"36,240,000,000","8,999,000,000","8,243,000,000","8,926,000,000","10,072,000,000","10,632,000,000","9,291,000,000","7,807,000,000","6,876,000,000","8,901,000,000","9,528,000,000","7,900,000,000","6,594,000,000","7,209,000,000","7,224,000,000","6,471,000,000","5,724,000,000","6,602,000,000","6,800,000,000","4,698,000,000","4,701,000,000","6,530,000,000","6,471,000,000","5,364,000,000","4,839,000,000","6,683,000,000","6,769,000,000","6,113,000,000","4,792,000,000","5,631,000,000","5,659,000,000","4,714,000,000","4,583,000,000","5,482,000,000","5,810,000,000","5,696,000,000","5,623,000,000","6,121,000,000","6,428,000,000","5,434,000,000","5,656,000,000","5,684,000,000","5,390,000,000","5,341,000,000","4,589,000,000","3,615,000,000","3,911,000,000","1,334,000,000","2,086,000,000","3,155,000,000","4,288,000,000","3,514,000,000","3,974,000,000","4,449,000,000","3,543,000,000","2,735,000,000","3,088,000,000","3,162,000,000","2,695,000,000","2,288,000,000","2,939,000,000","4,411,000,000","4,208,000,000","3,767,000,000","4,288,000,000","4,067,000,000","3,592,000,000","3,609,000,000","3,713,000,000","4,442,000,000","3,576,000,000","2,547,000,000","2,657,000,000","2,848,000,000","2,246,000,000","2,074,000,000","2,618,000,000","2,658,000,000","2,232,000,000","2,128,000,000","2,268,000,000","3,297,000,000","3,391,000,000","1,456,000,000","3,442,000,000","3,607,000,000","3,475,000,000","2,958,000,000","3,229,000,000","3,605,000,000","2,890,000,000","2,280,000,000","2,741,000,000","2,976,000,000","2,848,000,000","2,867,000,000","3,173,000,000","3,325,000,000","2,326,000,000","1,888,000,000","1,640,000,000","1,655,000,000","1,660,000,000","1,555,000,000","1,421,000,000","803,000,000","1,166,000,000","1,170,000,000","1,110,000,000","1,009,000,000","1,004,000,000","974,100,000","933,900,000","719,800,000","423,200,000","368,000,000","363,500,000","322,300,000","290,700,000","378,400,000","310,300,000","232,300,000","254,600,000","212,100,000","225,300,000","191,100,000","183,900,000","148,000,000","713,100,000","-1,553,000,000","784,900,000","726,700,000","635,800,000","-1,088,700,000","501,100,000","439,000,000","394,500,000","-1,044,700,000","324,100,000","305,200,000","280,100,000","-1,107,200,000","311,700,000"
TaxRateForCalcs,"0.167","0.218","0.152","0.14","0.144","0.144","0.108","0.115","0.126","0.078","0.104","0.095","0.111","0.4","0.238","0.386","0.223","0.198","0.218","0.204","0.184","0.16","0.269","0.093","0.255","0.214","0.271","0.287","0.277","0.261","0.248","0.257","0.163","0.23","0.242","0.281","0.282","0.267","0.291","0.249","0.277","0.236","0.305","0.31","0.291","0.12","0.267","0.35","0","0.366","0.289","0.308","0.335","0.304","0.284","0.164","0.127","0.294","0.283","0.294","0.276","0.291","0.385","0.26","0.309","0.299","0.214","0.274","0.32","0.158","0.272","0.295","0.305","0.221","0.252","0.284","0.289","0.365","0.226","0.4","0.4","0.35","0.344","0.339","0.156","0.354","0.385","0.33","0.33","0.33","0.33","0.33","0.357","0.328","0.355","0.355","0.355","0.35","0.35","0.35","0.35","0.353","0.372","0.372","0.372","0.364","0.365","0.366","0.365","0.35","0.35","0.349","0.35","0.32","0.319","0.304","0.338","0.303","0.268","0.34","0.338","0.313","0.349","0.349","0.352","0.328","0.33","0.329",,,,,,,,,,,,,,,
TaxEffectOfUnusualItems,"284,902,000","357,216,880.342","12,312,000","36,120,000","-39,312,000","73,804,660.387","23,112,000","-45,310,000","54,684,000","-50,129,547.471","-312,000","-12,635,000","80,475,000","447,600,000","226,576,000","94,570,000","40,809,000","-14,633,333.333","-81,532,000","-188,496,000","5,520,000","7,215,895.887","46,537,000","-12,741,000","-6,375,000","43,484,438.721","8,672,000","8,036,000","-21,606,000","-17,993,241.34","84,816,000","7,710,000","-489,000","-57,198,501.873","4,356,000","27,538,000","1,974,000","24,074,558.535","-2,037,612.428","248,537.268","45,159,688.858","472,255.585","914,608.327","-65,442,771.804","0","28,665,252.603","-38,445,497.63","-33,950,000","0","-774,146,341.463","-8,383,692.199","-17,853,869.434","-140,167,664.671","-68,003,679.853","-31,574,910.108","-14,774,362.328","-11,008,542.445","2,943,112.365","9,332,414.553","-293,695.132","-1,931,163.287","1,748,700.173","2,308,973.173","-259,985.476","0","13,140,403.039","214,344.6","-821,900.826","-1,279,874.214","-96,228,682.171","-1,629,890.11","1,180,173.092","-609,422.492","442,464.736","-2,015,267.176","-7,670,947.03","-2,025,056.948","-2,556,675.063","-40,729,927.007","-57,600,000","-12,800,000","189,820,444.444","239,221,553.754","723,346,388.713","59,872,260.488","104,362,354.384","-62,037,942.664","50,472,413.793","66,018,766.756","0","0","0","-58,970,217.062","0","0","0","76,351,219.512","0","33,935,579.782","31,130,543.41","26,622,093.023","0","37,594,066.082","30,850,607.577","58,059,322.034","0","30,670,520.231","16,822,596.63","20,051,493.306","25,695,219.341","14,744,829.887","12,395,535.203","12,914,343.338","10,380,333.069","12,040,983.607","11,814,826.911","8,179,791.442","12,025,858.884","13,984,040.624","17,009,719.84","18,514,410.188","18,406,250","19,487,684.729","24,358,123.57","15,016,230.839","13,300,492.611","1,420,000","13,359,594.595",,,,,,,,,,,,,,,