name,ttm,12/31/2020,09/30/2020,06/30/2020,03/31/2020,12/31/2019,09/30/2019,06/30/2019,03/31/2019,12/31/2018,09/30/2018,06/30/2018,03/31/2018,12/31/2017,09/30/2017,06/30/2017,03/31/2017,12/31/2016,09/30/2016,06/30/2016,03/31/2016,12/31/2015,09/30/2015,06/30/2015,03/31/2015,12/31/2014,09/30/2014,06/30/2014,03/31/2014,12/31/2013,09/30/2013,06/30/2013,03/31/2013,12/31/2012,09/30/2012,06/30/2012,03/31/2012,12/31/2011,09/30/2011,06/30/2011,03/31/2011,12/31/2010,09/30/2010,06/30/2010,03/31/2010,12/31/2009,09/30/2009,06/30/2009,03/31/2009,12/31/2008,09/30/2008,06/30/2008,03/31/2008,12/31/2007,09/30/2007,06/30/2007,03/31/2007,12/31/2006,09/30/2006,06/30/2006,03/31/2006,12/31/2005,09/30/2005,06/30/2005,03/31/2005,12/31/2004,09/30/2004,06/30/2004,03/31/2004,12/31/2003,09/30/2003,06/30/2003,03/31/2003,12/31/2002,09/30/2002,06/30/2002,03/31/2002,12/31/2001,09/30/2001,06/30/2001,03/31/2001,12/31/2000,09/30/2000,06/30/2000,03/31/2000,09/30/1999,06/30/1999,03/31/1999,12/31/1998,09/30/1998,06/30/1998,03/31/1998,12/31/1997,09/30/1997,06/30/1997,03/31/1997,12/31/1996,09/30/1996,06/30/1996,03/31/1996,12/31/1995,09/30/1995,06/30/1995,03/31/1995,12/31/1994,09/30/1994,06/30/1994,03/31/1994,12/31/1993,09/30/1993,06/30/1993,03/31/1993,12/31/1992,09/30/1992,06/30/1992,03/31/1992,12/31/1991,09/30/1991,06/30/1991,03/31/1991,12/31/1990,09/30/1990,06/30/1990,03/31/1990,12/31/1989,09/30/1989,06/30/1989,03/31/1989,12/31/1988,09/30/1988,06/30/1988
TotalRevenue,"408,120,000","107,173,000","103,042,000","100,589,000","97,316,000","100,237,000","103,469,000","102,296,000","98,091,000","95,977,000","101,484,000","102,715,000","98,623,000","95,266,000","91,971,000","94,137,000","104,587,000","118,108,000","113,225,000","99,209,000","96,512,000","101,194,000","109,715,000","106,460,000","88,597,000","83,600,000","86,570,000","99,320,000","96,637,000","89,519,000","87,154,000","84,694,000","71,158,000","65,875,000","70,889,000","70,792,000","71,700,000","70,170,000","81,720,000","83,861,000","82,615,000","73,080,000","77,137,000","77,119,000","70,432,000","55,087,000","49,097,000","46,900,000","43,336,000","49,969,000","57,610,000","58,079,000","56,604,000","53,055,000","58,304,000","59,243,000","58,107,000","61,832,000","63,456,000","62,719,000","57,452,000","53,991,000","53,390,000","52,396,000","51,283,000","48,541,000","57,281,000","60,939,000","59,071,000","42,135,000","51,038,000","58,178,000","58,311,000","57,710,000","56,072,000","56,466,000","58,878,000","52,108,000","58,038,000","74,082,000","111,098,000","150,788,000","151,038,000","139,878,000","126,055,000","95,000,000","59,700,000","53,800,000","50,200,000","48,100,000","48,000,000","60,200,000","60,000,000","64,100,000","61,600,000","56,300,000","51,000,000","48,600,000","48,200,000","53,000,000","51,500,000","48,600,000","45,000,000","40,300,000","36,300,000","34,600,000","32,900,000","30,100,000","28,600,000","34,100,000","33,300,000","31,300,000","27,300,000","24,100,000","20,600,000","18,400,000","17,500,000","18,100,000","17,000,000","15,400,000","14,400,000","18,000,000","16,600,000","13,100,000","10,300,000","7,700,000","7,800,000","5,700,000","5,800,000","5,000,000","5,000,000"
	OperatingRevenue,"408,120,000","107,173,000","103,042,000","100,589,000","97,316,000","100,237,000","103,469,000","102,296,000","98,091,000","95,977,000","101,484,000","102,715,000","98,623,000","95,266,000","91,971,000","94,137,000","104,587,000","118,108,000","113,225,000","99,209,000","96,512,000","101,194,000","109,715,000","106,460,000","88,597,000","83,600,000","86,570,000","99,320,000","96,637,000","89,519,000","87,154,000","84,694,000","71,158,000","65,875,000","70,889,000","70,792,000","71,700,000","70,170,000","81,720,000","83,861,000","82,615,000","73,080,000","77,137,000","77,119,000","70,432,000","55,087,000","49,097,000","46,900,000","43,336,000","49,969,000","57,610,000","58,079,000","56,604,000","53,055,000","58,304,000","59,243,000","58,107,000","61,832,000","63,456,000","62,719,000","57,452,000","53,991,000","53,390,000","52,396,000","51,283,000","48,541,000","57,281,000","60,939,000","59,071,000","42,135,000","51,038,000","58,178,000","58,311,000","57,710,000","56,072,000","56,466,000","58,878,000","52,108,000","58,038,000","74,082,000","111,098,000","150,788,000","151,038,000","139,878,000","126,055,000","95,000,000","59,700,000","53,800,000","50,200,000","48,100,000","48,000,000","60,200,000","60,000,000","64,100,000","61,600,000","56,300,000","51,000,000","48,600,000","48,200,000","53,000,000","51,500,000","48,600,000","45,000,000","40,300,000","36,300,000","34,600,000","32,900,000","30,100,000","28,600,000","34,100,000","33,300,000","31,300,000","27,300,000","24,100,000","20,600,000","18,400,000","17,500,000","18,100,000","17,000,000","15,400,000","14,400,000","18,000,000","16,600,000","13,100,000","10,300,000","7,700,000","7,800,000","5,700,000","5,800,000","5,000,000","5,000,000"
CostOfRevenue,"162,814,000","42,312,000","40,736,000","40,012,000","39,754,000","40,944,000","42,030,000","42,258,000","40,439,000","41,671,000","43,120,000","52,467,000","42,102,000","44,050,000","38,649,000","42,928,000","43,755,000","54,628,000","45,801,000","40,783,000","39,408,000","47,092,000","49,866,000","48,334,000","40,765,000","37,337,000","35,759,000","44,345,000","42,499,000","40,916,000","40,778,000","39,584,000","33,003,000","30,202,000","32,341,000","33,741,000","32,215,000","29,707,000","33,866,000","33,190,000","33,006,000","27,239,000","31,551,000","29,889,000","29,264,000","24,627,000","22,478,000","22,314,000","20,658,000","25,627,000","26,493,000","25,551,000","25,160,000","23,641,000","26,705,000","26,593,000","26,218,000","26,439,000","27,841,000","27,150,000","25,297,000","27,494,000","23,398,000","22,862,000","22,171,000","21,058,000","24,848,000","26,232,000","24,719,000","22,107,000","20,662,000","23,289,000","23,208,000","23,019,000","22,429,000","22,492,000","23,606,000","19,822,000","21,995,000","27,771,000","41,910,000","57,170,000","57,437,000","53,638,000","49,585,000","35,800,000","19,800,000","17,900,000","17,200,000","16,500,000","16,700,000","21,700,000","21,400,000","23,600,000","22,600,000","20,600,000","18,800,000","17,800,000","17,900,000","20,100,000","19,500,000","18,500,000","17,000,000","15,200,000","13,300,000","12,500,000","11,900,000","11,000,000","10,700,000","13,100,000","12,900,000","12,100,000","10,500,000","9,000,000","7,500,000","6,800,000","6,800,000","7,400,000","7,200,000","6,800,000","6,100,000","7,400,000","6,800,000","5,500,000","4,200,000",,,,,,
GrossProfit,"245,306,000","64,861,000","62,306,000","60,577,000","57,562,000","59,293,000","61,439,000","60,038,000","57,652,000","54,306,000","58,364,000","50,248,000","56,521,000","51,216,000","53,322,000","51,209,000","60,832,000","63,480,000","67,424,000","58,426,000","57,104,000","54,102,000","59,849,000","58,126,000","47,832,000","46,263,000","50,811,000","54,975,000","54,138,000","48,603,000","46,376,000","45,110,000","38,155,000","35,673,000","38,548,000","37,051,000","39,485,000","40,463,000","47,854,000","50,671,000","49,609,000","45,841,000","45,586,000","47,230,000","41,168,000","30,460,000","26,619,000","24,586,000","22,678,000","24,342,000","31,117,000","32,528,000","31,444,000","29,414,000","31,599,000","32,650,000","31,889,000","35,393,000","35,615,000","35,569,000","32,155,000","26,497,000","29,992,000","29,534,000","29,112,000","27,483,000","32,433,000","34,707,000","34,352,000","20,028,000","30,376,000","34,889,000","35,103,000","34,691,000","33,643,000","33,974,000","35,272,000","32,286,000","36,043,000","46,311,000","69,188,000","93,618,000","93,601,000","86,240,000","76,470,000","59,200,000","39,900,000","35,900,000","33,000,000","31,600,000","31,300,000","38,500,000","38,600,000","40,500,000","39,000,000","35,700,000","32,200,000","30,800,000","30,300,000","32,900,000","32,000,000","30,100,000","28,000,000","25,100,000","23,000,000","22,100,000","21,000,000","19,100,000","17,900,000","21,000,000","20,400,000","19,200,000","16,800,000","15,100,000","13,100,000","11,600,000","10,700,000","10,700,000","9,800,000","8,600,000","8,300,000","10,600,000","9,800,000","7,600,000","6,100,000",,,,,,
OperatingExpense,"189,003,000","47,770,000","46,800,000","47,549,000","46,884,000","43,857,000","44,499,000","42,526,000","43,835,000","44,172,000","44,729,000","46,672,000","55,620,000","52,648,000","55,464,000","57,495,000","59,808,000","57,276,000","65,251,000","62,231,000","64,937,000","65,064,000","70,379,000","76,682,000","51,672,000","38,575,000","40,435,000","41,871,000","40,725,000","39,520,000","36,639,000","37,339,000","34,612,000","35,924,000","38,166,000","38,768,000","37,069,000","33,206,000","33,808,000","36,369,000","37,310,000","32,410,000","30,632,000","31,543,000","30,100,000","25,932,000","27,528,000","27,384,000","28,062,000","37,568,000","33,450,000","34,500,000","34,148,000","259,729,000","37,678,000","38,202,000","39,241,000","38,464,000","38,610,000","37,595,000","36,550,000","40,584,000","40,245,000","45,029,000","43,306,000","41,662,000","42,628,000","53,719,000","54,000,000","54,608,000","51,952,000","53,003,000","55,429,000","23,045,000","56,958,000","51,221,000","76,066,000","49,706,000","50,370,000","52,652,000","56,327,000","61,073,000","60,770,000","60,050,000","58,119,000","63,400,000","28,000,000","21,300,000","20,100,000","19,400,000","19,300,000","20,200,000","20,700,000","20,600,000","20,000,000","18,500,000","17,600,000","17,300,000","16,600,000","16,900,000","16,600,000","16,100,000","15,600,000","14,600,000","13,600,000","13,200,000","12,700,000","11,700,000","11,300,000","12,700,000","12,600,000","12,300,000","10,600,000","9,700,000","8,800,000","7,900,000","7,300,000","7,400,000","7,000,000","6,500,000","6,300,000","6,500,000","5,900,000","5,100,000","4,200,000",,,,,,
	SellingGeneralAndAdministration,"95,331,000","24,534,000","23,758,000","24,488,000","22,551,000","20,924,000","21,078,000","19,759,000","20,781,000","21,168,000","21,775,000","21,068,000","27,043,000","23,585,000","21,290,000","21,938,000","23,905,000","22,745,000","29,244,000","23,005,000","23,608,000","24,253,000","23,819,000","28,189,000","21,088,000","18,301,000","17,645,000","18,832,000","18,749,000","17,189,000","16,385,000","17,072,000","16,498,000","17,269,000","17,720,000","19,405,000","17,923,000","17,121,000","16,809,000","17,738,000","17,170,000","16,738,000","15,818,000","16,385,000","15,418,000","13,290,000","12,739,000","13,573,000","12,943,000","13,939,000","14,547,000","15,195,000","14,999,000","14,080,000","15,054,000","14,785,000","14,566,000","17,548,000","14,480,000","13,801,000","12,616,000","13,217,000","13,558,000","16,433,000","14,333,000","13,017,000","13,630,000","14,069,000","13,087,000","13,562,000","12,114,000","12,614,000","12,483,000","12,309,000","11,712,000","12,220,000","11,858,000","10,963,000","11,297,000","13,366,000","17,401,000","20,925,000","20,706,000","19,937,000","19,514,000","20,400,000","10,800,000","9,500,000","9,300,000","9,000,000","9,000,000","9,600,000","10,200,000","10,300,000","9,800,000","9,000,000","8,500,000","8,200,000","7,900,000","8,200,000","8,000,000","7,700,000","7,400,000","6,900,000","6,300,000","6,100,000","5,800,000","-10,400,000","9,900,000","11,300,000","11,300,000","11,000,000","9,500,000","8,600,000","7,800,000","7,100,000","6,600,000","6,800,000","6,300,000","5,900,000","5,400,000","5,800,000","5,300,000","4,700,000","3,700,000",,,,,,
	ResearchAndDevelopment,"89,223,000","22,633,000","22,439,000","22,458,000","21,693,000","19,543,000","20,032,000","19,377,000","19,665,000","19,296,000","19,131,000","21,081,000","22,941,000","23,500,000","25,648,000","26,820,000","27,389,000","26,248,000","27,747,000","30,915,000","32,608,000","32,055,000","37,619,000","39,552,000","27,642,000","22,485,000","22,053,000","22,302,000","21,239,000","22,331,000","20,254,000","20,267,000","18,114,000","18,655,000","20,446,000","19,363,000","19,146,000","16,085,000","16,999,000","18,631,000","20,140,000","15,672,000","14,814,000","15,158,000","14,682,000","12,642,000","14,789,000","13,811,000","14,891,000","15,471,000","17,534,000","17,937,000","17,668,000","20,051,000","20,166,000","20,752,000","22,008,000","18,250,000","21,473,000","21,124,000","21,121,000","23,653,000","22,719,000","24,483,000","24,557,000","22,886,000","23,213,000","22,599,000","22,259,000","22,385,000","21,173,000","21,702,000","21,832,000","-8,063,000","27,176,000","21,078,000","45,585,000","17,418,000","17,946,000","18,126,000","18,189,000","19,485,000","19,923,000","19,406,000","18,243,000","17,900,000","9,900,000","8,900,000","8,500,000","7,900,000","7,900,000","8,200,000","8,000,000","8,000,000","7,800,000","7,200,000","6,900,000","6,900,000","6,800,000","6,900,000","6,800,000","6,700,000","6,400,000","6,200,000","5,800,000","5,600,000","5,400,000",,,,,,,,,,,,,,,,,,,,,,,,
	DepreciationAmortizationDepletionIncomeStatement,"4,449,000","603,000","603,000","603,000","2,640,000","3,390,000","3,389,000","3,390,000","3,389,000","3,708,000","3,823,000","4,523,000","5,636,000","5,563,000","8,526,000","8,737,000","8,514,000","8,283,000","8,260,000","8,311,000","8,721,000","8,756,000","8,941,000","8,941,000","2,942,000","737,000","737,000","737,000","737,000",,,,,,,,,,,,,"0","0","0","0","0","0","0","228,000","1,369,000","1,369,000","1,368,000","1,481,000","2,042,000","2,458,000","2,665,000","2,667,000","2,666,000","2,657,000","2,670,000","2,813,000","3,714,000","3,968,000","4,113,000","4,416,000","5,759,000","5,785,000","17,051,000","18,654,000","18,661,000","18,665,000","18,687,000","21,114,000","18,799,000","18,070,000","17,923,000","18,623,000","21,325,000","21,127,000","21,160,000","20,737,000","20,663,000","20,141,000","20,707,000","20,362,000","25,100,000","7,300,000","2,900,000","2,300,000","2,500,000","2,400,000","2,400,000","2,500,000","2,300,000","2,400,000","2,300,000","2,200,000","2,200,000","1,900,000","1,800,000","1,800,000","1,700,000","1,800,000","1,500,000","1,500,000","1,500,000","1,500,000","1,500,000","1,400,000","1,400,000","1,300,000","1,300,000","1,100,000","1,100,000","1,000,000","800,000","700,000","600,000","700,000","600,000","900,000","700,000","600,000","400,000","500,000",,,,,,
		DepreciationAndAmortizationInIncomeStatement,"4,449,000","603,000","603,000","603,000","2,640,000","3,390,000","3,389,000","3,390,000","3,389,000","3,708,000","3,823,000","4,523,000","5,636,000","5,563,000","8,526,000","8,737,000","8,514,000","8,283,000","8,260,000","8,311,000","8,721,000","8,756,000","8,941,000","8,941,000","2,942,000","737,000","737,000","737,000","737,000",,,,,,,,,,,,,"0","0","0","0","0","0","0","228,000","1,369,000","1,369,000","1,368,000","1,481,000","2,042,000","2,458,000","2,665,000","2,667,000","2,666,000","2,657,000","2,670,000","2,813,000","3,714,000","3,968,000","4,113,000","4,416,000","5,759,000","5,785,000","17,051,000","18,654,000","18,661,000","18,665,000","18,687,000","21,114,000","18,799,000","18,070,000","17,923,000","18,623,000","21,325,000","21,127,000","21,160,000","20,737,000","20,663,000","20,141,000","20,707,000","20,362,000","25,100,000","7,300,000","2,900,000","2,300,000","2,500,000","2,400,000","2,400,000","2,500,000","2,300,000","2,400,000","2,300,000","2,200,000","2,200,000","1,900,000","1,800,000","1,800,000","1,700,000","1,800,000","1,500,000","1,500,000","1,500,000","1,500,000","1,500,000","1,400,000","1,400,000","1,300,000","1,300,000","1,100,000","1,100,000","1,000,000","800,000","700,000","600,000","700,000","600,000","900,000","700,000","600,000","400,000","500,000",,,,,,
			Amortization,"4,449,000","603,000","603,000","603,000","2,640,000","3,390,000","3,389,000","3,390,000","3,389,000","3,708,000","3,823,000","4,523,000","5,636,000","5,563,000","8,526,000","8,737,000","8,514,000","8,283,000","8,260,000","8,311,000","8,721,000","8,756,000","8,941,000","8,941,000","2,942,000","737,000","737,000","737,000","737,000",,,,,,,,,,,,,"0","0","0","0","0","0","0","228,000","1,369,000","1,369,000","1,368,000","1,481,000","2,042,000","2,458,000","2,665,000","2,667,000","2,666,000","2,657,000","2,670,000","2,813,000","3,714,000","3,968,000","4,113,000","4,416,000","5,759,000","5,785,000","17,051,000","18,654,000","18,661,000","18,665,000","18,687,000","21,114,000","18,799,000","18,070,000","17,923,000","18,623,000","21,325,000","21,127,000","21,160,000","20,737,000","20,663,000","20,141,000","20,707,000","20,362,000",,,,,,,,,,,,,,,,,,,,,,,,,,,,,,,,,,,,,,,,,,,,,,
				AmortizationOfIntangiblesIncomeStatement,"4,449,000","603,000","603,000","603,000","2,640,000","3,390,000","3,389,000","3,390,000","3,389,000","3,708,000","3,823,000","4,523,000","5,636,000","5,563,000","8,526,000","8,737,000","8,514,000","8,283,000","8,260,000","8,311,000","8,721,000","8,756,000","8,941,000","8,941,000","2,942,000","737,000","737,000","737,000","737,000",,,,,,,,,,,,,"0","0","0","0","0","0","0","228,000","1,369,000","1,369,000","1,368,000","1,481,000","2,042,000","2,458,000","2,665,000","2,667,000","2,666,000","2,657,000","2,670,000","2,813,000","3,714,000","3,968,000","4,113,000","4,416,000","5,759,000","5,785,000","17,051,000","18,654,000","18,661,000","18,665,000","18,687,000","21,114,000","18,799,000","18,070,000","17,923,000","18,623,000","21,325,000","21,127,000","21,160,000","20,737,000","20,663,000","20,141,000","20,707,000","20,362,000",,,,,,,,,,,,,,,,,,,,,,,,,,,,,,,,,,,,,,,,,,,,,,
OperatingIncome,"56,303,000","17,091,000","15,506,000","13,028,000","10,678,000","15,436,000","16,940,000","17,512,000","13,817,000","10,134,000","13,635,000","3,576,000","901,000","-1,432,000","-2,142,000","-6,286,000","1,024,000","6,204,000","2,173,000","-3,805,000","-7,833,000","-10,962,000","-10,530,000","-18,556,000","-3,840,000","7,688,000","10,376,000","13,104,000","13,413,000","9,083,000","9,737,000","7,771,000","3,543,000","-251,000","382,000","-1,717,000","2,416,000","7,257,000","14,046,000","14,302,000","12,299,000","13,431,000","14,954,000","15,687,000","11,068,000","4,528,000","-909,000","-2,798,000","-5,384,000","-13,226,000","-2,333,000","-1,972,000","-2,704,000","-230,315,000","-6,079,000","-5,552,000","-7,352,000","-3,071,000","-2,995,000","-2,026,000","-4,395,000","-14,087,000","-10,253,000","-15,495,000","-14,194,000","-14,179,000","-10,195,000","-19,012,000","-19,648,000","-34,580,000","-21,576,000","-18,114,000","-20,326,000","11,646,000","-23,315,000","-17,247,000","-40,794,000","-17,420,000","-14,327,000","-6,341,000","12,861,000","32,545,000","32,831,000","26,190,000","18,351,000","-4,200,000","11,900,000","14,600,000","12,900,000","12,200,000","12,000,000","18,300,000","17,900,000","19,900,000","19,000,000","17,200,000","14,600,000","13,500,000","13,700,000","16,000,000","15,400,000","14,000,000","12,400,000","10,500,000","9,400,000","8,900,000","8,300,000","7,400,000","6,600,000","8,300,000","7,800,000","6,900,000","6,200,000","5,400,000","4,300,000","3,700,000","3,400,000","3,300,000","2,800,000","2,100,000","2,000,000","4,100,000","3,900,000","2,500,000","1,900,000","7,700,000","7,800,000","-13,800,000","5,800,000","5,000,000","5,000,000"
NetNonOperatingInterestIncomeExpense,"-3,702,000","-788,000","-792,000","-1,045,000","-1,077,000","-1,184,000","-2,022,000","-3,538,000","-4,987,000","-5,018,000","-5,500,000","-4,968,000","-5,114,000","-4,695,000","-3,888,000","-4,656,000","-5,568,000","-5,070,000","-5,235,000","-5,062,000","-4,960,000","-5,519,000","-5,754,000","-5,505,000","-1,611,000",,,,,,,,,,,"238,000","227,000","322,000","218,000","303,000","299,000",,"300,000","204,000","247,000",,"296,000","350,000",,,,,,,,,,,,,,,,,,,,,,,,,,,,,,,,,,,,,,,,,,,,,,,,,,,,,,,,,,,,,,,,,,,,,,,,,,,,,,,,,,,
	InterestIncomeNonOperating,,,,,,,,,,,,,,,,,,,,,,,,,,,,,,,,,,,,"238,000","227,000","322,000","218,000","303,000","299,000",,"300,000","204,000","247,000",,"296,000","350,000",,,,,,,,,,,,,,,,,,,,,,,,,,,,,,,,,,,,,,,,,,,,,,,,,,,,,,,,,,,,,,,,,,,,,,,,,,,,,,,,,,,
	InterestExpenseNonOperating,"3,702,000","788,000","792,000","1,045,000","1,077,000","1,184,000","2,022,000","3,538,000","4,987,000","5,018,000","4,711,000","4,968,000","5,114,000","4,695,000","3,888,000","4,656,000","5,568,000","5,070,000","5,235,000","5,062,000","4,960,000","5,519,000","5,754,000","5,505,000","1,327,000",,,,,,,,,,,,,,,,,,,,,,,,,,,,,,,,,,,,,,,,,,,,,,,,,,,,,,,,,,,,,,,,,,,,,,,,,,,,,,,,,,,,,,,,,,,,,,,,,,,,,,,,,,
	TotalOtherFinanceCost,,,,,,,,,,,"789,000",,,,,,,,,,,,,,"284,000",,,,,,,,,,,,,,,,,,,,,,,,,,,,,,,,,,,,,,,,,,,,,,,,,,,,,,,,,,,,,,,,,,,,,,,,,,,,,,,,,,,,,,,,,,,,,,,,,,,,,,,,,,
OtherIncomeExpense,"-4,145,000","116,000","-2,762,000","-509,000","-990,000","-173,000","-313,000","-5,235,000","-1,188,000","-11,857,000","-1,128,000","-17,488,000","-1,142,000","-1,163,000","-37,154,000","-1,879,000","-1,874,000","-6,417,000","-7,974,000","-36,000","-4,708,000","-25,020,000","-8,371,000","-7,539,000","-23,246,000","-2,892,000","51,000","903,000","298,000","-1,408,000","-476,000","-810,000","-954,000","-6,476,000","-641,000","-613,000","-2,426,000","-1,700,000","-1,730,000","-1,422,000","-1,471,000","1,339,000","290,000","861,000","-27,000","2,511,000","-3,376,000","-146,000","-487,000","-11,867,000","-4,881,000","-11,378,000","-2,009,000","-224,130,000","-90,000","2,148,000","959,000","-8,528,000","4,140,000","4,348,000","3,777,000","-17,575,000","3,405,000","7,436,000","3,409,000","-3,252,000","3,989,000","3,136,000","3,107,000","3,926,000","-3,611,000","-1,365,000","1,491,000","-20,351,000","2,764,000","3,078,000","-1,901,000","-4,452,000","-152,392,000","1,383,000","2,951,000","816,000","1,336,000","-991,000","148,799,000","-3,600,000","-87,200,000","2,900,000","2,800,000","2,500,000","2,500,000","2,700,000","2,700,000","2,700,000","2,500,000","2,200,000","2,300,000","2,200,000","2,000,000","2,000,000","1,500,000","900,000","1,000,000","4,300,000","900,000","700,000","700,000","900,000","700,000","700,000","600,000","600,000","600,000","500,000","600,000","900,000","700,000","500,000","500,000","1,400,000","700,000","700,000","300,000","700,000","200,000",,,,,,
	GainOnSaleOfSecurity,,,,,,,,,,,,,,,,,,,,,,,,,,,,,,,,,,,,"456,000","-163,000","230,000","30,000","-26,000",,,,,,,"-6,000","169,000",,,,,,,,,,,,,,,,,,,,,,,,,,,,,,,,,,,,,,,,,,,,,,,,,,,,,,,,,,,,,,,,,,,,,,,,,,,,,,,,,,,
	SpecialIncomeCharges,"-3,937,000","241,000","-2,692,000","-546,000","-940,000","55,000","-252,000","-3,126,000","-1,341,000","-11,854,000","-676,000","-17,140,000","-1,696,000","711,000","-35,326,000","-2,443,000","-1,726,000","-7,162,000","-8,183,000","-2,568,000","-5,525,000","-25,486,000","-7,428,000","-7,338,000","-23,092,000","-2,949,000","-2,000","-3,000","-11,000","-868,000","-822,000","-756,000","-902,000","-6,476,000","-641,000","-1,069,000","-2,263,000","-1,930,000","-1,760,000","-1,396,000","-1,471,000","1,339,000","290,000","861,000","-27,000","2,674,000","-3,370,000","-315,000","-487,000","-11,867,000","-4,881,000","-11,378,000","-2,009,000","-224,130,000","-90,000","2,148,000","959,000","-8,528,000","4,140,000","4,348,000","3,777,000","-17,575,000","3,405,000","7,436,000","3,409,000","-3,252,000","3,989,000","3,136,000","3,107,000","3,926,000","-3,611,000","-1,365,000","1,491,000","-20,351,000","2,764,000","3,078,000","-1,901,000","-4,452,000","-152,392,000","1,383,000","2,951,000",,"1,336,000","-991,000","148,799,000","-3,600,000","-87,200,000","2,900,000","2,800,000","2,500,000","2,500,000","2,700,000","2,700,000","2,700,000","2,500,000","2,200,000","2,300,000","2,200,000","2,000,000","2,000,000","1,500,000","900,000","1,000,000","4,300,000","900,000","700,000","700,000","900,000","700,000","700,000","600,000","600,000","600,000","500,000","600,000","900,000","700,000","500,000","500,000","1,400,000","700,000","700,000","300,000","700,000","200,000",,,,,,
		RestructuringAndMergernAcquisition,"3,937,000","-241,000","2,692,000","546,000","940,000","-55,000","252,000","3,126,000","1,341,000","11,854,000","90,000","5,240,000","1,696,000","3,056,000","3,752,000","2,443,000","1,726,000","7,162,000","317,000","2,568,000","5,525,000","3,831,000","7,428,000","7,338,000","23,092,000","2,949,000","2,000","3,000","11,000","868,000","822,000","756,000","902,000","6,135,000","729,000","1,069,000","2,263,000","1,633,000","1,760,000","1,387,000","1,835,000","-30,000","79,000","-120,000","82,000","1,185,000","2,544,000","-15,000","-25,000",,"3,882,000","858,000","1,790,000","757,000","1,718,000","27,000","-130,000","116,000","61,000","139,000",,,,,,,,,,,,,,,,,,,,,,,,,,,,,,,,,,,,,,,,,,,,,,,,,,,,,,,,,,,,,,,,,,,,,,,
		ImpairmentOfCapitalAssets,,,,,,"0","0","0",,"0","586,000","11,900,000",,"-3,767,000","36,198,000",,,"0","7,866,000",,"0","21,655,000",,,,,,,,,,,,,,,,,,,,,,,,"-2,267,000","1,067,000","535,000",,,,,,,,,,,,,,,,,,,,,,,,,,,,,,,,,,,,,,,,,,,,,,,,,,,,,,,,,,,,,,,,,,,,,,,,,,,,,,,,,,,
		OtherSpecialCharges,,,,,,,,,,,,,,,,,,,,,,,,,,,,,,,,,,"341,000","-88,000","-694,000","-64,000","-255,000","-248,000","9,000","-364,000","-2,029,000","-369,000","-21,000","-55,000","-1,592,000","-241,000","-205,000","512,000",,"999,000","10,520,000","219,000","223,373,000","-1,628,000","-2,175,000","-829,000","8,412,000","-4,201,000","-4,487,000",,,,,,,,,,,,,,,,,,,,,,,,,,,,,,,,,,,,,,,,,,,,,,,,,,,,,,,,,,,,,,,,,,,,,,,
		GainOnSaleOfPPE,,,,,,,,,,"0","0",,,"0","4,624,000",,,,,,,,,,,,,,,,,,,,,,,"0","0","0",,,"0","720,000",,,,,,,,,,,,,,,,,,,,,,,,,,,,,,,,,,,,,,,,,,,,,,,,,,,,,,,,,,,,,,,,,,,,,,,,,,,,,,,,,,,,,,,
	OtherNonOperatingIncomeExpenses,"-208,000","-125,000","-70,000","37,000","-50,000","-228,000","-61,000","-2,109,000","153,000","-3,000","-452,000","-348,000","554,000","-1,874,000","-1,828,000","564,000","-148,000","745,000","209,000","2,532,000","817,000","466,000","-943,000","-201,000","-154,000","57,000","53,000","906,000","309,000","-540,000","346,000","-54,000","-52,000","-341,000",,,,,,,,,,,,,,,,,,,,,,,,,,,,,,,,,,,,,,,,,,,,,,,,,,,,,,,,,,,,,,,,,,,,,,,,,,,,,,,,,,,,,,,,,,,,,,,,,
PretaxIncome,"48,456,000","16,419,000","11,952,000","11,474,000","8,611,000","14,079,000","14,605,000","8,739,000","7,642,000","-6,741,000","7,007,000","-18,880,000","-5,355,000","-7,290,000","-43,184,000","-12,821,000","-6,418,000","-5,283,000","-11,036,000","-8,903,000","-17,501,000","-41,501,000","-24,655,000","-31,600,000","-28,697,000","4,796,000","10,427,000","14,007,000","13,711,000","7,675,000","9,261,000","6,961,000","2,589,000","-6,727,000","-259,000","-2,092,000","217,000","5,879,000","12,534,000","13,183,000","11,127,000","14,019,000","15,544,000","16,752,000","11,288,000","6,014,000","-3,989,000","-2,594,000","-5,871,000","-14,301,000","-7,214,000","-13,350,000","-3,161,000","-229,390,000","-4,246,000","-1,280,000","-4,214,000","1,299,000","1,145,000","2,322,000","-618,000","-23,194,000","-6,848,000","-8,059,000","-10,785,000","-13,038,000","-6,206,000","-15,876,000","-16,541,000","-34,159,000","-25,187,000","-19,479,000","-18,835,000","-15,954,000","-20,551,000","-14,169,000","-42,695,000","-18,101,000","-166,719,000","-4,958,000","15,812,000","35,555,000","34,167,000","25,199,000","167,150,000","-7,900,000","-75,300,000","17,500,000","15,600,000","14,700,000","14,500,000","21,000,000","20,700,000","22,600,000","21,500,000","19,300,000","17,000,000","15,800,000","15,700,000","18,000,000","16,900,000","15,000,000","13,500,000","11,600,000","10,400,000","9,600,000","9,100,000","8,000,000","7,300,000","9,000,000","8,400,000","7,700,000","6,700,000","5,900,000","4,900,000","4,500,000","4,100,000","3,900,000","3,500,000","3,000,000","2,700,000","4,800,000","4,100,000","3,000,000","2,000,000",,,,,,
TaxProvision,"1,064,000","430,000","-655,000","845,000","444,000","92,000","1,066,000","180,000","234,000","380,000","33,000","1,343,000","597,000","615,000","-331,000","47,000","518,000","2,507,000","971,000","4,539,000","1,900,000","3,510,000","309,000","4,056,000","24,665,000","-10,623,000","1,021,000","2,236,000","1,727,000","1,128,000","417,000","1,921,000","699,000","448,000","1,916,000","10,450,000","7,931,000","-35,066,000","-803,000","152,000","208,000","140,000","176,000","16,000","199,000","388,000","125,000","125,000","-121,000","102,000","-236,000","221,000","93,000","135,000","201,000","181,000","169,000","362,000","248,000","256,000","189,000","-204,000","237,000","100,000","100,000","100,000","118,000","100,000",,"0","-3,300,000","-2,554,000",,"111,146,000","-6,180,000","-6,022,000","-17,078,000","-5,584,000","-62,118,000","-1,281,000","4,536,000","11,932,000","11,466,000","8,457,000","62,329,000","-2,900,000","-24,100,000","5,700,000","5,100,000","4,800,000","4,700,000","7,100,000","7,000,000","7,700,000","7,300,000","6,500,000","5,700,000","5,300,000","5,300,000","5,900,000","5,800,000","5,200,000","4,700,000","3,900,000","3,500,000","3,200,000","3,100,000","2,400,000","2,200,000","2,900,000","2,700,000","2,400,000","2,100,000","1,800,000","1,500,000","1,400,000","1,300,000","1,200,000","1,100,000","900,000","700,000","1,500,000","1,200,000","300,000","100,000",,,,,,
EarningsFromEquityInterestNetOfTax,,,,,,,,,,,,,,,"-199,000","-154,000","-339,000","-374,000","-407,000","-368,000","-310,000","-492,000",,,,,,,,,,,,,,,,,,,,,,,,,,,,,,,,,,,,,,,,,,,,,,,,,,,,,,,,,,,,,,,,,,,,,,,,,,,,,,,,,,,,,,,,,,,,,,,,,,,,,,,,,,,,,
NetIncomeCommonStockholders,"47,392,000","15,989,000","12,607,000","10,629,000","8,167,000","13,987,000","13,539,000","8,559,000","7,408,000","-7,121,000","6,974,000","-20,223,000","-5,952,000","-7,213,000","-43,052,000","-13,022,000","-7,275,000","-8,164,000","-12,414,000","-13,810,000","-19,711,000","-45,454,000","-24,862,000","-35,570,000","-53,347,000","15,419,000","9,406,000","11,771,000","11,984,000","6,547,000","8,844,000","5,040,000","1,890,000","-7,175,000","-2,175,000","-12,542,000","-7,714,000","40,945,000","13,337,000","13,031,000","10,919,000","13,879,000","15,368,000","16,736,000","11,089,000","5,626,000","-4,114,000","-2,719,000","-5,750,000","-14,403,000","-6,978,000","-13,571,000","-3,254,000","-229,525,000","-4,447,000","-1,461,000","-4,383,000","937,000","897,000","2,066,000","-807,000","-22,990,000","-7,085,000","-8,159,000","-10,885,000","-13,138,000","-6,324,000","-15,976,000","-16,541,000","-34,159,000","-21,887,000","-16,925,000","-18,835,000","-127,100,000","-14,371,000","-8,147,000","-25,617,000","-12,517,000","-104,601,000","-3,677,000","11,276,000","23,623,000","22,701,000","16,742,000","104,821,000","-5,000,000","-51,200,000","11,800,000","10,500,000","9,900,000","9,800,000","13,900,000","13,700,000","14,900,000","14,200,000","12,800,000","11,300,000","10,500,000","10,400,000","12,100,000","11,100,000","9,800,000","8,800,000","7,700,000","6,900,000","6,400,000","6,000,000","5,600,000","5,100,000","6,100,000","5,700,000","5,300,000","4,600,000","4,100,000","3,400,000","3,100,000","2,800,000","2,700,000","2,400,000","2,100,000","2,000,000","3,300,000","2,900,000","2,700,000","1,900,000",,,,,,
	NetIncome,"47,392,000","15,989,000","12,607,000","10,629,000","8,167,000","13,987,000","13,539,000","8,559,000","7,408,000","-7,121,000","6,974,000","-20,223,000","-5,952,000","-7,213,000","-43,052,000","-13,022,000","-7,275,000","-8,164,000","-12,414,000","-13,810,000","-19,711,000","-45,454,000","-24,862,000","-35,570,000","-53,347,000","15,419,000","9,406,000","11,771,000","11,984,000","6,547,000","8,844,000","5,040,000","1,890,000","-7,175,000","-2,175,000","-12,542,000","-7,714,000","40,945,000","13,337,000","13,031,000","10,919,000","13,879,000","15,368,000","16,736,000","11,089,000","5,626,000","-4,114,000","-2,719,000","-5,750,000","-14,403,000","-6,978,000","-13,571,000","-3,254,000","-229,525,000","-4,447,000","-1,461,000","-4,383,000","937,000","897,000","2,066,000","-807,000","-22,990,000","-7,085,000","-8,159,000","-10,885,000","-13,138,000","-6,324,000","-15,976,000","-16,541,000","-34,159,000","-21,887,000","-16,925,000","-18,835,000","-127,100,000","-14,371,000","-8,147,000","-25,617,000","-12,517,000","-104,601,000","-3,677,000","11,276,000","23,623,000","22,701,000","16,742,000","104,821,000","-5,000,000","-51,200,000","11,800,000","10,500,000","9,900,000","9,800,000","13,900,000","13,700,000","14,900,000","14,200,000","12,800,000","11,300,000","10,500,000","10,400,000","12,100,000","11,100,000","9,800,000","8,800,000","7,700,000","6,900,000","6,400,000","6,000,000","5,600,000","5,100,000","6,100,000","5,700,000","5,300,000","4,600,000","4,100,000","3,400,000","3,100,000","2,800,000","2,700,000","2,400,000","2,100,000","2,000,000","3,300,000","2,900,000","2,700,000","1,900,000",,,,,,
		NetIncomeIncludingNoncontrollingInterests,"47,392,000","15,989,000","12,607,000","10,629,000","8,167,000","13,987,000","13,539,000","8,559,000","7,408,000","-7,121,000","6,974,000","-20,223,000","-5,952,000","-7,213,000","-43,052,000","-13,022,000","-7,275,000","-8,164,000","-12,414,000","-13,810,000","-19,711,000","-45,503,000","-24,964,000","-35,656,000","-53,362,000","15,419,000","9,406,000","11,771,000","11,984,000","6,547,000","8,844,000","5,040,000","1,890,000","-7,175,000","-2,175,000","-12,542,000","-7,714,000","40,945,000","13,337,000","13,031,000","10,919,000","13,879,000","15,368,000","16,736,000","11,089,000","5,626,000","-4,114,000","-2,719,000","-5,750,000","-14,403,000","-6,978,000","-13,571,000","-3,254,000","-229,525,000","-4,447,000","-1,461,000","-4,383,000","937,000","897,000","2,066,000","-807,000","-22,990,000","-7,085,000","-8,159,000","-10,885,000","-13,138,000","-6,324,000","-15,976,000","-16,541,000","-34,159,000","-21,887,000","-16,925,000","-18,835,000","-127,100,000","-14,371,000","-8,147,000","-25,617,000","-12,517,000","-104,601,000","-3,677,000","11,276,000","23,623,000","22,701,000","16,742,000","104,821,000","-5,000,000","-51,200,000","11,800,000","10,500,000","9,900,000","9,800,000","13,900,000","13,700,000","14,900,000","14,200,000","12,800,000","11,300,000","10,500,000","10,400,000","12,100,000","11,100,000","9,800,000","8,800,000","7,700,000","6,900,000","6,400,000","6,000,000","5,600,000","5,100,000","6,100,000","5,700,000","5,300,000","4,600,000","4,100,000","3,400,000","3,100,000","2,800,000","2,700,000","2,400,000","2,100,000","2,000,000","3,300,000","2,900,000","2,700,000","1,900,000","1,100,000","1,100,000","600,000","600,000","500,000","500,000"
			NetIncomeContinuousOperations,"47,392,000","15,989,000","12,607,000","10,629,000","8,167,000","13,987,000","13,539,000","8,559,000","7,408,000","-7,121,000","6,974,000","-20,223,000","-5,952,000","-7,213,000","-43,052,000","-13,022,000","-7,275,000","-8,164,000","-12,414,000","-13,810,000","-19,711,000","-45,503,000","-24,964,000","-35,656,000","-53,362,000","15,419,000","9,406,000","11,771,000","11,984,000","6,547,000","8,844,000","5,040,000","1,890,000","-7,175,000","-2,175,000","-12,542,000","-7,714,000","40,945,000","13,337,000","13,031,000","10,919,000","13,879,000","15,368,000","16,736,000","11,089,000","5,626,000","-4,114,000","-2,719,000","-5,750,000","-14,403,000","-6,978,000","-13,571,000","-3,254,000","-229,525,000","-4,447,000","-1,461,000","-4,383,000","937,000","897,000","2,066,000","-807,000","-22,990,000","-7,085,000","-8,159,000","-10,885,000","-13,138,000","-6,324,000","-15,976,000","-16,541,000","-34,159,000","-21,887,000","-16,925,000","-18,835,000","-127,100,000","-14,371,000","-8,147,000","-25,617,000","-12,517,000","-104,601,000","-3,677,000","11,276,000","23,623,000","22,701,000","16,742,000","104,821,000","-5,000,000","-51,200,000","11,800,000","10,500,000","9,900,000","9,800,000","13,900,000","13,700,000","14,900,000","14,200,000","12,800,000","11,300,000","10,500,000","10,400,000","12,100,000","11,100,000","9,800,000","8,800,000","7,700,000","6,900,000","6,400,000","6,000,000","5,600,000","5,100,000","6,100,000","5,700,000","5,300,000","4,600,000","4,100,000","3,400,000","3,100,000","2,800,000","2,700,000","2,400,000","2,100,000","2,000,000","3,300,000","2,900,000","2,700,000","1,900,000","1,100,000","1,100,000","600,000","600,000","500,000","500,000"
		MinorityInterests,,,,,,,,,,,,,,,,,,,,,,"49,000","102,000","86,000","15,000",,,,,,,,,,,,,,,,,,,,,,,,,,,,,,,,,,,,,,,,,,,,,,,,,,,,,,,,,,,,,,,,,,,,,,,,,,,,,,,,,,,,,,,,,,,,,,,,,,,,,,,,,,
DilutedNIAvailtoComStockholders,"47,392,000","15,989,000","12,607,000","10,629,000","8,167,000","13,987,000","13,539,000","8,559,000","7,408,000","-7,121,000","6,974,000","-20,223,000","-5,952,000","-7,213,000","-43,052,000","-13,022,000","-7,275,000","-8,164,000","-12,414,000","-13,810,000","-19,711,000","-45,454,000","-24,862,000","-35,570,000","-53,347,000","15,419,000","9,406,000","11,771,000","11,984,000","6,547,000","8,844,000","5,040,000","1,890,000","-7,175,000","-2,175,000","-12,542,000","-7,714,000","40,945,000","13,337,000","13,031,000","10,919,000","13,879,000","15,368,000","16,736,000","11,089,000","5,626,000","-4,114,000","-2,719,000","-5,750,000","-14,403,000","-6,978,000","-13,571,000","-3,254,000","-229,525,000","-4,447,000","-1,461,000","-4,383,000","937,000","897,000","2,066,000","-807,000","-22,990,000","-7,085,000","-8,159,000","-10,885,000","-13,138,000","-6,324,000","-15,976,000","-16,541,000","-34,159,000","-21,887,000","-16,925,000","-18,835,000","-127,100,000","-14,371,000","-8,147,000","-25,617,000","-12,517,000","-104,601,000","-3,677,000","11,276,000","23,623,000","22,701,000","16,742,000","104,821,000","-5,000,000","-51,200,000","11,800,000","10,500,000","9,900,000","9,800,000","13,900,000","13,700,000","14,900,000","14,200,000","12,800,000","11,300,000","10,500,000","10,400,000","12,100,000","11,100,000","9,800,000","8,800,000","7,700,000","6,900,000","6,400,000","6,000,000","5,600,000","5,100,000","6,100,000","5,700,000","5,300,000","4,600,000","4,100,000","3,400,000","3,100,000","2,800,000","2,700,000","2,400,000","2,100,000","2,000,000","3,300,000","2,900,000","2,700,000","1,900,000",,,,,,
BasicEPS,,"0.12","0.09","0.08","0.06","0.1","0.1","0.06","0.06","-0.05","0.05","-0.16","-0.05","-0.06","-0.35","-0.11","-0.06","-0.07","-0.1","-0.12","-0.17","-0.38","-0.21","-0.3","-0.46","0.13","0.08","0.1","0.1","0.06","0.07","0.04","0.02","-0.06","-0.02","-0.11","-0.07","0.35","0.11","0.11","0.09",,"0.13","0.14","0.1",,"-0.04","-0.02","-0.05",,"-0.06","-0.12","-0.03",,"-0.04","-0.01","-0.04",,"0.01","0.02","-0.01",,"-0.06","-0.07","-0.1",,"-0.06","-0.14","-0.15",,"-0.2","-0.15","-0.17",,"-0.13","-0.07","-0.23",,"-0.96","-0.03","0.1",,"0.11","0.17","1.075","-0.025","-0.135",,"0.03","0.028","0.028",,"0.038","0.04","0.04",,"0.033","0.03","0.03",,"0.033","0.033","0.03",,"0.023","0.023","0.02",,"0.018","0.02","0.013",,"0.012","0.01","0.008",,"0.007","0.007","0.007",,"0.005","0.008","0.008",,"0.007","0.005","0.005",,"0.003","0.003","0.003"
DilutedEPS,,"0.11","0.09","0.08","0.06","0.1","0.1","0.06","0.05","-0.05","0.05","-0.16","-0.05","-0.06","-0.35","-0.11","-0.06","-0.07","-0.1","-0.12","-0.17","-0.38","-0.21","-0.3","-0.46","0.13","0.08","0.1","0.1","0.06","0.07","0.04","0.02","-0.06","-0.02","-0.11","-0.07","0.34","0.11","0.11","0.09",,"0.13","0.14","0.1",,"-0.04","-0.02","-0.05",,"-0.06","-0.12","-0.03",,"-0.04","-0.01","-0.04",,"0.01","0.02","-0.01",,"-0.06","-0.07","-0.1",,"-0.06","-0.14","-0.15",,"-0.2","-0.15","-0.17",,"-0.13","-0.07","-0.23",,"-0.96","-0.03","0.1",,"0.105","0.165","0.92","-0.025","-0.135",,"0.03","0.028","0.028",,"0.038","0.04","0.038",,"0.033","0.03","0.03",,"0.033","0.033","0.03",,"0.023","0.023","0.02",,"0.018","0.02","0.013",,"0.012","0.01","0.008",,"0.007","0.007","0.007",,"0.005","0.008","0.008",,"0.007","0.005","0.005",,"0.003","0.003","0.003"
BasicAverageShares,,"136,104,000","135,598,000","134,857,000","134,253,000","133,691,000","132,997,000","132,206,000","130,992,000","129,521,000","127,816,000","124,843,000","124,076,000","123,541,000","122,990,000","122,390,000","121,800,000","121,236,000","120,584,000","119,445,000","118,833,000","118,095,000","117,669,000","116,903,000","116,863,000","117,931,000","118,643,000","117,904,000","116,436,000","115,718,000","116,055,000","115,733,000","115,391,000","115,943,000","116,785,000","117,874,000","118,174,000","117,528,000","117,926,000","118,047,000","117,996,000",,"117,257,000","116,101,000","115,669,000",,"115,321,000","115,538,000","115,430,000",,"115,370,000","115,171,000","115,146,000",,"115,057,000","114,827,000","114,688,000",,"114,376,000","114,165,000","113,791,000",,"113,544,000","113,469,000","113,460,000",,"113,181,000","112,812,000","112,627,000",,"111,840,000","111,507,000","111,390,000",,"110,232,000","109,684,000","109,558,000",,"109,155,000","108,623,000","108,082,000",,"206,340,000","98,566,000","97,476,000","95,852,000","94,960,000",,"93,536,000","93,724,000","94,072,000",,"93,484,000","93,164,000","92,272,000",,"90,716,000","89,420,000","89,112,000",,"88,108,000","78,012,000","76,756,000",,"74,748,000","74,616,000","74,020,000",,"73,048,000","72,952,000","72,436,000",,"68,076,000","69,680,000","68,312,000",,"67,504,000","67,140,000","66,716,000",,"66,848,000","66,792,000","66,432,000",,"57,312,000","57,312,000",,,,,
DilutedAverageShares,,"141,713,000","141,524,000","139,202,000","138,044,000","138,196,000","138,894,000","137,221,000","134,810,000","129,521,000","129,474,000","124,843,000","124,076,000","123,541,000","122,990,000","122,390,000","121,800,000","121,236,000","120,584,000","119,445,000","118,833,000","118,095,000","117,669,000","116,903,000","116,863,000","119,486,000","120,970,000","120,944,000","118,917,000","117,156,000","117,349,000","117,109,000","116,714,000","115,943,000","116,785,000","117,874,000","118,174,000","120,473,000","120,627,000","121,468,000","121,864,000",,"121,052,000","120,270,000","116,717,000",,"115,321,000","115,538,000","115,430,000",,"115,370,000","115,171,000","115,146,000",,"115,057,000","114,827,000","114,688,000",,"115,670,000","115,104,000","113,791,000",,"113,544,000","113,469,000","113,460,000",,"113,181,000","112,812,000","112,627,000",,"111,840,000","111,507,000","111,390,000",,"110,232,000","109,684,000","109,558,000",,"109,155,000","108,623,000","112,038,000",,"243,852,000","117,494,000","116,818,000","95,852,000","94,960,000",,"93,536,000","93,724,000","94,072,000",,"93,484,000","93,164,000","92,272,000",,"90,716,000","89,420,000","89,112,000",,"88,108,000","78,012,000","76,756,000",,"74,748,000","74,616,000","74,020,000",,"73,048,000","72,952,000","72,436,000",,"68,076,000","69,680,000","68,312,000",,"67,504,000","67,140,000","66,716,000",,"66,848,000","66,792,000","66,432,000",,"57,312,000","57,312,000",,,,,
TotalOperatingIncomeAsReported,"52,366,000","17,332,000","12,814,000","12,482,000","9,738,000","15,491,000","16,688,000","14,386,000","12,476,000","-1,720,000","12,959,000","-13,564,000","-795,000","-721,000","-37,468,000","-8,729,000","-702,000","-958,000","-6,010,000","-6,373,000","-13,358,000","-36,448,000","-17,958,000","-25,894,000","-26,932,000","4,739,000","10,374,000","13,101,000","13,402,000","8,215,000","8,915,000","7,015,000","2,641,000","-6,386,000","-347,000","-2,786,000","153,000","5,624,000","12,286,000","12,915,000","10,464,000","13,461,000","14,875,000","15,807,000","10,986,000","3,343,000","-3,453,000","-2,783,000","-5,359,000","-6,696,000","-6,215,000","-2,830,000","-4,494,000","-231,072,000","-7,797,000","-5,579,000","-7,222,000","-3,187,000","-3,056,000","-2,165,000","-4,395,000","-26,023,000","-10,253,000","-15,495,000","-14,194,000","-14,179,000","-10,195,000","-19,012,000","-19,648,000","-34,580,000","-21,576,000","-18,114,000","-20,326,000","-18,207,000","-23,315,000","-17,247,000","-40,794,000","-17,420,000","-14,327,000","-6,341,000","12,861,000","32,545,000","32,831,000","26,190,000","18,351,000","-4,200,000","11,900,000","14,600,000","12,900,000","12,200,000","12,000,000","18,300,000","17,900,000","19,900,000","19,000,000","17,200,000","14,600,000","13,500,000","13,700,000","16,000,000","15,400,000","14,000,000","12,400,000","10,500,000","9,400,000","8,900,000","8,300,000","7,400,000","6,600,000","8,300,000","7,800,000","6,900,000","6,200,000","5,400,000","4,300,000","3,700,000","3,400,000","3,300,000","2,800,000","2,100,000","2,000,000","4,100,000","3,900,000","2,500,000","1,900,000",,,,,,
TotalExpenses,"351,817,000","90,082,000","87,536,000","87,561,000","86,638,000","84,801,000","86,529,000","84,784,000","84,274,000","85,843,000","87,849,000","99,139,000","97,722,000","96,698,000","94,113,000","100,423,000","103,563,000","111,904,000","111,052,000","103,014,000","104,345,000","112,156,000","120,245,000","125,016,000","92,437,000","75,912,000","76,194,000","86,216,000","83,224,000","80,436,000","77,417,000","76,923,000","67,615,000","66,126,000","70,507,000","72,509,000","69,284,000","62,913,000","67,674,000","69,559,000","70,316,000","59,649,000","62,183,000","61,432,000","59,364,000","50,559,000","50,006,000","49,698,000","48,720,000","63,195,000","59,943,000","60,051,000","59,308,000","283,370,000","64,383,000","64,795,000","65,459,000","64,903,000","66,451,000","64,745,000","61,847,000","68,078,000","63,643,000","67,891,000","65,477,000","62,720,000","67,476,000","79,951,000","78,719,000","76,715,000","72,614,000","76,292,000","78,637,000","46,064,000","79,387,000","73,713,000","99,672,000","69,528,000","72,365,000","80,423,000","98,237,000","118,243,000","118,207,000","113,688,000","107,704,000","99,200,000","47,800,000","39,200,000","37,300,000","35,900,000","36,000,000","41,900,000","42,100,000","44,200,000","42,600,000","39,100,000","36,400,000","35,100,000","34,500,000","37,000,000","36,100,000","34,600,000","32,600,000","29,800,000","26,900,000","25,700,000","24,600,000","22,700,000","22,000,000","25,800,000","25,500,000","24,400,000","21,100,000","18,700,000","16,300,000","14,700,000","14,100,000","14,800,000","14,200,000","13,300,000","12,400,000","13,900,000","12,700,000","10,600,000","8,400,000",,,,,,
NetIncomeFromContinuingAndDiscontinuedOperation,"47,392,000","15,989,000","12,607,000","10,629,000","8,167,000","13,987,000","13,539,000","8,559,000","7,408,000","-7,121,000","6,974,000","-20,223,000","-5,952,000","-7,213,000","-43,052,000","-13,022,000","-7,275,000","-8,164,000","-12,414,000","-13,810,000","-19,711,000","-45,454,000","-24,862,000","-35,570,000","-53,347,000","15,419,000","9,406,000","11,771,000","11,984,000","6,547,000","8,844,000","5,040,000","1,890,000","-7,175,000","-2,175,000","-12,542,000","-7,714,000","40,945,000","13,337,000","13,031,000","10,919,000","13,879,000","15,368,000","16,736,000","11,089,000","5,626,000","-4,114,000","-2,719,000","-5,750,000","-14,403,000","-6,978,000","-13,571,000","-3,254,000","-229,525,000","-4,447,000","-1,461,000","-4,383,000","937,000","897,000","2,066,000","-807,000","-22,990,000","-7,085,000","-8,159,000","-10,885,000","-13,138,000","-6,324,000","-15,976,000","-16,541,000","-34,159,000","-21,887,000","-16,925,000","-18,835,000","-127,100,000","-14,371,000","-8,147,000","-25,617,000","-12,517,000","-104,601,000","-3,677,000","11,276,000","23,623,000","22,701,000","16,742,000","104,821,000","-5,000,000","-51,200,000","11,800,000","10,500,000","9,900,000","9,800,000","13,900,000","13,700,000","14,900,000","14,200,000","12,800,000","11,300,000","10,500,000","10,400,000","12,100,000","11,100,000","9,800,000","8,800,000","7,700,000","6,900,000","6,400,000","6,000,000","5,600,000","5,100,000","6,100,000","5,700,000","5,300,000","4,600,000","4,100,000","3,400,000","3,100,000","2,800,000","2,700,000","2,400,000","2,100,000","2,000,000","3,300,000","2,900,000","2,700,000","1,900,000",,,,,,
NormalizedIncome,"51,242,551.098","15,754,311.59","14,572,160","11,134,789.96","9,058,531.762","13,932,359.401","13,772,606.847","11,620,612.77","8,707,938.236","1,532,420","7,646,816.327","-7,710,800","-4,713,920","-7,639,600","-7,996,769.405","-11,556,200","-6,239,400","-3,866,800","-7,504,200","-12,269,200","-16,396,000","-30,162,400","-20,405,200","-31,167,200","-39,491,800","17,188,400","9,407,804","11,773,521.097","11,993,614.47","7,287,429.446","9,628,987.366","5,587,369.631","2,548,470.452","-2,965,600","-1,758,350","-12,143,550","-6,137,100","42,050,000","14,461,500","14,436,604.339","12,362,502.202","12,553,371.852","15,081,283.582","15,875,822.35","11,115,524.008","3,124,516.129","-1,919,600","-2,624,100","-5,273,036.961","-6,689,450","-2,256,677.849","-6,175,300","-1,948,150","-83,840,500","-4,388,500","-2,857,200","-5,006,350","7,088,451.886","-2,346,301.31","-1,802,633.936","-3,073,200","-5,569,578.77","-9,128,000","-12,620,600","-12,930,400","-11,186,800","-8,717,400","-17,857,600","-19,648,000","-38,085,000","-18,749,113.114","-15,738,972.74","-20,326,000","-114,889,400","-16,303,822.928","-9,993,800","-24,476,400","-9,438,403.016","-8,988,888.651","-4,702,673.86","9,171,555.527","23,623,000","21,813,344.192","17,400,411.921","11,508,047.688","-2,721,518.987","8,091,367.862","9,844,571.429","8,615,384.615","8,216,326.531","8,110,344.828","12,112,857.143","11,913,043.478","13,119,911.504","12,548,837.209","11,340,932.642","9,771,176.471","9,037,974.684","9,075,159.236","10,755,555.556","10,114,792.899","9,212,000","8,148,148.148","4,845,689.655","6,302,884.615","5,933,333.333","5,538,461.538","4,970,000","4,610,958.904","5,625,555.556","5,292,857.143","4,887,012.987","4,188,059.701","3,752,542.373","2,983,673.469","2,480,000","2,321,951.22","2,353,846.154","2,057,142.857","1,120,000","1,481,481.481","2,818,750","2,687,804.878","2,070,000","1,710,000",,,,,,
InterestIncome,,,,,,,,,,,,,,,,,,,,,,,,,,,,,,,,,,,,"238,000","227,000","322,000","218,000","303,000","299,000",,"300,000","204,000","247,000",,"296,000","350,000",,,,,,,,,,,,,,,,,,,,,,,,,,,,,,,,,,,,,,,,,,,,,,,,,,,,,,,,,,,,,,,,,,,,,,,,,,,,,,,,,,,
InterestExpense,"3,702,000","788,000","792,000","1,045,000","1,077,000","1,184,000","2,022,000","3,538,000","4,987,000","5,018,000","4,711,000","4,968,000","5,114,000","4,695,000","3,888,000","4,656,000","5,568,000","5,070,000","5,235,000","5,062,000","4,960,000","5,519,000","5,754,000","5,505,000","1,327,000",,,,,,,,,,,,,,,,,,,,,,,,,,,,,,,,,,,,,,,,,,,,,,,,,,,,,,,,,,,,,,,,,,,,,,,,,,,,,,,,,,,,,,,,,,,,,,,,,,,,,,,,,,
NetInterestIncome,"-3,702,000","-788,000","-792,000","-1,045,000","-1,077,000","-1,184,000","-2,022,000","-3,538,000","-4,987,000","-5,018,000","-5,500,000","-4,968,000","-5,114,000","-4,695,000","-3,888,000","-4,656,000","-5,568,000","-5,070,000","-5,235,000","-5,062,000","-4,960,000","-5,519,000","-5,754,000","-5,505,000","-1,611,000",,,,,,,,,,,"238,000","227,000","322,000","218,000","303,000","299,000",,"300,000","204,000","247,000",,"296,000","350,000",,,,,,,,,,,,,,,,,,,,,,,,,,,,,,,,,,,,,,,,,,,,,,,,,,,,,,,,,,,,,,,,,,,,,,,,,,,,,,,,,,,
EBIT,"52,158,000","17,207,000","12,744,000","12,519,000","9,688,000","15,263,000","16,627,000","12,277,000","12,629,000","-1,723,000","11,718,000","-13,912,000","-241,000","-2,595,000","-39,296,000","-8,165,000","-850,000","-213,000","-5,801,000","-3,841,000","-12,541,000","-35,982,000","-18,901,000","-26,095,000","-27,370,000","7,688,000","10,376,000","13,104,000","13,413,000","9,083,000","9,737,000","7,771,000","3,543,000","-251,000","382,000","-1,717,000","2,416,000","7,257,000","14,046,000","14,302,000","12,299,000","13,431,000","14,954,000","15,687,000","11,068,000","4,528,000","-909,000","-2,798,000","-5,384,000","-13,226,000","-2,333,000","-1,972,000","-2,704,000","-230,315,000","-6,079,000","-5,552,000","-7,352,000","-3,071,000","-2,995,000","-2,026,000","-4,395,000","-14,087,000","-10,253,000","-15,495,000","-14,194,000","-14,179,000","-10,195,000","-19,012,000","-19,648,000","-34,580,000","-21,576,000","-18,114,000","-20,326,000","11,646,000","-23,315,000","-17,247,000","-40,794,000","-17,420,000","-14,327,000","-6,341,000","12,861,000","198,735,000","32,831,000","26,190,000","18,351,000","-4,200,000","11,900,000","14,600,000","12,900,000","12,200,000","12,000,000","18,300,000","17,900,000","19,900,000","19,000,000","17,200,000","14,600,000","13,500,000","13,700,000","16,000,000","15,400,000","14,000,000","12,400,000","10,500,000","9,400,000","8,900,000","8,300,000","7,400,000","6,600,000","8,300,000","7,800,000","6,900,000","6,200,000","5,400,000","4,300,000","3,700,000","3,400,000","3,300,000","2,800,000","2,100,000","2,000,000","4,100,000","3,900,000","2,500,000","1,900,000","7,700,000","7,800,000","-13,800,000","5,800,000","5,000,000","5,000,000"
EBITDA,"77,298,000"
ReconciledCostOfRevenue,"142,123,000","37,038,000","35,532,000","34,952,000","34,601,000","40,332,000","35,722,000","36,181,000","33,938,000","36,858,000","38,628,000","46,921,000","35,382,000","37,343,000","32,081,000","36,464,000","36,973,000","49,013,000","38,505,000","34,073,000","30,798,000","37,956,000","41,254,000","39,816,000","35,803,000","37,337,000","31,245,000","39,309,000","37,376,000","40,916,000","40,778,000","39,584,000","33,003,000","30,202,000","32,341,000","33,741,000","32,215,000","29,707,000","33,866,000","33,190,000","33,006,000","23,389,000","27,877,000","26,429,000","25,756,000","21,345,000","19,137,000","18,827,000","16,786,000","21,202,000","22,415,000","21,675,000","21,193,000","19,780,000","22,302,000","22,164,000","21,786,000","21,750,000","23,687,000","23,061,000","21,288,000","23,419,000","19,303,000","18,497,000","17,423,000","16,175,000","19,610,000","20,671,000","18,874,000","15,739,000","15,029,000","17,946,000","17,777,000","17,648,000","17,195,000","17,337,000","18,406,000","14,526,000","16,265,000","22,021,000","36,496,000","51,699,000","52,500,000","48,503,000","44,788,000","35,800,000","19,800,000","17,900,000","17,200,000","16,500,000","16,700,000","21,700,000","21,400,000","23,600,000","22,600,000","20,600,000","18,800,000","17,800,000","17,900,000","20,100,000","19,500,000","18,500,000","17,000,000","15,200,000","13,200,000","12,600,000","11,900,000","11,000,000","10,600,000","13,000,000","12,900,000","12,100,000","10,400,000","8,900,000","7,500,000","6,800,000","6,800,000","7,400,000","7,200,000","6,800,000","6,100,000","7,400,000","6,800,000","5,500,000","4,200,000",,,,,,
ReconciledDepreciation,"25,140,000","5,877,000","5,807,000","5,663,000","7,793,000","4,002,000","9,697,000","9,467,000","9,890,000","8,521,000","8,315,000","10,069,000","12,356,000","12,270,000","15,094,000","15,201,000","15,296,000","13,898,000","15,556,000","15,021,000","17,331,000","17,892,000","17,553,000","17,459,000","7,904,000","5,364,000","5,251,000","5,773,000","5,860,000","5,634,000","5,211,000","4,896,000","5,066,000","5,987,000","5,891,000","5,244,000","5,027,000","4,068,000","4,089,000","4,426,000","4,083,000","3,850,000","3,674,000","3,460,000","3,508,000","3,282,000","3,341,000","3,487,000","4,100,000","5,794,000","5,447,000","5,244,000","5,448,000","5,903,000","6,861,000","7,094,000","7,099,000","7,355,000","6,811,000","6,759,000","6,822,000","7,789,000","8,063,000","8,478,000","9,164,000","10,642,000","11,023,000","22,612,000","24,499,000","25,029,000","24,298,000","24,030,000","26,545,000","24,170,000","23,304,000","23,078,000","23,823,000","26,621,000","26,857,000","26,910,000","26,151,000","26,134,000","25,078,000","25,842,000","25,159,000","25,100,000","7,300,000","2,900,000","2,300,000","2,500,000","2,400,000","2,400,000","2,500,000","2,300,000","2,400,000","2,300,000","2,200,000","2,200,000","1,900,000","1,800,000","1,800,000","1,700,000","1,800,000","1,500,000","1,600,000","1,400,000","1,500,000","1,500,000","1,500,000","1,500,000","1,300,000","1,300,000","1,200,000","1,200,000","1,000,000","800,000","700,000","600,000","700,000","600,000","900,000","700,000","600,000","400,000","500,000",,,,,,
NetIncomeFromContinuingOperationNetMinorityInterest,"47,392,000","15,989,000","12,607,000","10,629,000","8,167,000","13,987,000","13,539,000","8,559,000","7,408,000","-7,121,000","6,974,000","-20,223,000","-5,952,000","-7,213,000","-43,052,000","-13,022,000","-7,275,000","-8,164,000","-12,414,000","-13,810,000","-19,711,000","-45,454,000","-24,862,000","-35,570,000","-53,347,000","15,419,000","9,406,000","11,771,000","11,984,000","6,547,000","8,844,000","5,040,000","1,890,000","-7,175,000","-2,175,000","-12,542,000","-7,714,000","40,945,000","13,337,000","13,031,000","10,919,000","13,879,000","15,368,000","16,736,000","11,089,000","5,626,000","-4,114,000","-2,719,000","-5,750,000","-14,403,000","-6,978,000","-13,571,000","-3,254,000","-229,525,000","-4,447,000","-1,461,000","-4,383,000","937,000","897,000","2,066,000","-807,000","-22,990,000","-7,085,000","-8,159,000","-10,885,000","-13,138,000","-6,324,000","-15,976,000","-16,541,000","-34,159,000","-21,887,000","-16,925,000","-18,835,000","-127,100,000","-14,371,000","-8,147,000","-25,617,000","-12,517,000","-104,601,000","-3,677,000","11,276,000","23,623,000","22,701,000","16,742,000","104,821,000","-5,000,000","-51,200,000","11,800,000","10,500,000","9,900,000","9,800,000","13,900,000","13,700,000","14,900,000","14,200,000","12,800,000","11,300,000","10,500,000","10,400,000","12,100,000","11,100,000","9,800,000","8,800,000","7,700,000","6,900,000","6,400,000","6,000,000","5,600,000","5,100,000","6,100,000","5,700,000","5,300,000","4,600,000","4,100,000","3,400,000","3,100,000","2,800,000","2,700,000","2,400,000","2,100,000","2,000,000","3,300,000","2,900,000","2,700,000","1,900,000",,,,,,
TotalUnusualItemsExcludingGoodwill,"-3,937,000","241,000","-2,692,000","-546,000","-940,000","55,000","-252,000","-3,126,000","-1,341,000","-11,854,000","-676,000","-17,140,000","-1,696,000","711,000","-35,326,000","-2,443,000","-1,726,000","-7,162,000","-8,183,000","-2,568,000","-5,525,000","-25,486,000","-7,428,000","-7,338,000","-23,092,000","-2,949,000","-2,000","-3,000","-11,000","-868,000","-822,000","-756,000","-902,000","-6,476,000","-641,000","-613,000","-2,426,000","-1,700,000","-1,730,000","-1,422,000","-1,471,000","1,339,000","290,000","861,000","-27,000","2,674,000","-3,376,000","-146,000","-487,000","-11,867,000","-4,881,000","-11,378,000","-2,009,000","-224,130,000","-90,000","2,148,000","959,000","-8,528,000","4,140,000","4,348,000","3,777,000","-17,575,000","3,405,000","7,436,000","3,409,000","-3,252,000","3,989,000","3,136,000","3,107,000","3,926,000","-3,611,000","-1,365,000","1,491,000","-20,351,000","2,764,000","3,078,000","-1,901,000","-4,452,000","-152,392,000","1,383,000","2,951,000",,"1,336,000","-991,000","148,799,000","-3,600,000","-87,200,000","2,900,000","2,800,000","2,500,000","2,500,000","2,700,000","2,700,000","2,700,000","2,500,000","2,200,000","2,300,000","2,200,000","2,000,000","2,000,000","1,500,000","900,000","1,000,000","4,300,000","900,000","700,000","700,000","900,000","700,000","700,000","600,000","600,000","600,000","500,000","600,000","900,000","700,000","500,000","500,000","1,400,000","700,000","700,000","300,000","700,000","200,000",,,,,,
TotalUnusualItems,"-3,937,000","241,000","-2,692,000","-546,000","-940,000","55,000","-252,000","-3,126,000","-1,341,000","-11,854,000","-676,000","-17,140,000","-1,696,000","711,000","-35,326,000","-2,443,000","-1,726,000","-7,162,000","-8,183,000","-2,568,000","-5,525,000","-25,486,000","-7,428,000","-7,338,000","-23,092,000","-2,949,000","-2,000","-3,000","-11,000","-868,000","-822,000","-756,000","-902,000","-6,476,000","-641,000","-613,000","-2,426,000","-1,700,000","-1,730,000","-1,422,000","-1,471,000","1,339,000","290,000","861,000","-27,000","2,674,000","-3,376,000","-146,000","-487,000","-11,867,000","-4,881,000","-11,378,000","-2,009,000","-224,130,000","-90,000","2,148,000","959,000","-8,528,000","4,140,000","4,348,000","3,777,000","-17,575,000","3,405,000","7,436,000","3,409,000","-3,252,000","3,989,000","3,136,000","3,107,000","3,926,000","-3,611,000","-1,365,000","1,491,000","-20,351,000","2,764,000","3,078,000","-1,901,000","-4,452,000","-152,392,000","1,383,000","2,951,000",,"1,336,000","-991,000","148,799,000","-3,600,000","-87,200,000","2,900,000","2,800,000","2,500,000","2,500,000","2,700,000","2,700,000","2,700,000","2,500,000","2,200,000","2,300,000","2,200,000","2,000,000","2,000,000","1,500,000","900,000","1,000,000","4,300,000","900,000","700,000","700,000","900,000","700,000","700,000","600,000","600,000","600,000","500,000","600,000","900,000","700,000","500,000","500,000","1,400,000","700,000","700,000","300,000","700,000","200,000",,,,,,
NormalizedEBITDA,"81,235,000","22,843,000","21,243,000","18,728,000","18,421,000","19,210,000","26,576,000","24,870,000","23,860,000","18,652,000","20,709,000","13,297,000","13,811,000","8,964,000","11,124,000","9,479,000","16,172,000","20,847,000","17,938,000","13,748,000","10,315,000","7,396,000","6,080,000","-1,298,000","3,626,000","16,001,000","15,629,000","18,880,000","19,284,000","15,585,000","15,770,000","13,423,000","9,511,000","12,212,000","6,914,000","4,140,000","9,869,000","13,025,000","19,865,000","20,150,000","17,853,000","15,942,000","18,338,000","18,286,000","14,603,000","5,136,000","5,808,000","835,000","-797,000","4,435,000","7,995,000","14,650,000","4,753,000","-282,000","872,000","-606,000","-1,212,000","12,812,000","-324,000","385,000","-1,350,000","11,277,000","-5,595,000","-14,453,000","-8,439,000","-285,000","-3,161,000","464,000","1,744,000","-13,477,000","6,333,000","7,281,000","4,728,000","56,167,000","-2,775,000","2,753,000","-15,070,000","13,653,000","164,922,000","19,186,000","36,061,000","224,869,000","56,573,000","53,023,000","-105,289,000","24,500,000","106,400,000","14,600,000","12,400,000","12,200,000","11,900,000","18,000,000","17,700,000","19,500,000","18,900,000","17,300,000","14,500,000","13,500,000","13,600,000","15,800,000","15,700,000","14,800,000","13,200,000","7,700,000","10,100,000","9,700,000","9,100,000","8,000,000","7,400,000","9,100,000","8,500,000","7,600,000","6,800,000","6,100,000","4,700,000","3,600,000","3,400,000","3,400,000","3,000,000","1,300,000","2,200,000","4,100,000","4,200,000","2,200,000","2,200,000","7,700,000","7,800,000","-13,800,000","5,800,000","5,000,000","5,000,000"
TaxRateForCalcs,"0.022","0.026","0.27","0.074","0.052","0.007","0.073","0.021","0.031","0.27","0.005","0.27","0.27","0.4","0.008","0.4","0.4","0.4","0.4","0.4","0.4","0.4","0.4","0.4","0.4","0.4","0.098","0.16","0.126","0.147","0.045","0.276","0.27","0.35","0.35","0.35","0.35","0.35","0.35","0.012","0.019","0.01","0.011","0.001","0.018","0.065","0.35","0.35","0.021","0.35","0.033","0.35","0.35","0.35","0.35","0.35","0.35","0.279","0.217","0.11","0.4","0.009","0.4","0.4","0.4","0.4","0.4","0.4","0","0","0.131","0.131","0","0.4","0.301","0.4","0.4","0.308","0.373","0.258","0.287","0.336","0.336","0.336","0.373","0.367","0.32","0.326","0.327","0.327","0.324","0.338","0.338","0.341","0.34","0.337","0.335","0.335","0.338","0.328","0.343","0.347","0.348","0.336","0.337","0.333","0.341","0.3","0.301","0.322","0.321","0.312","0.313","0.305","0.306","0.311","0.317","0.308","0.314","0.3","0.259","0.313","0.293","0.1","0.05",,,,,,
TaxEffectOfUnusualItems,"-86,448.902","6,311.59","-726,840","-40,210.04","-48,468.238","359.401","-18,393.153","-64,387.23","-41,061.764","-3,200,580","-3,183.673","-4,627,800","-457,920","284,400","-270,769.405","-977,200","-690,400","-2,864,800","-3,273,200","-1,027,200","-2,210,000","-10,194,400","-2,971,200","-2,935,200","-9,236,800","-1,179,600","-196","-478.903","-1,385.53","-127,570.554","-37,012.634","-208,630.369","-243,529.548","-2,266,600","-224,350","-214,550","-849,100","-595,000","-605,500","-16,395.661","-27,497.798","13,371.852","3,283.582","822.35","-475.992","172,516.129","-1,181,600","-51,100","-10,036.961","-4,153,450","-159,677.849","-3,982,300","-703,150","-78,445,500","-31,500","751,800","335,650","-2,376,548.114","896,698.69","479,366.064","1,510,800","-154,578.77","1,362,000","2,974,400","1,363,600","-1,300,800","1,595,600","1,254,400","0","0","-473,113.114","-178,972.74","0","-8,140,400","831,177.072","1,231,200","-760,400","-1,373,403.016","-56,779,888.651","357,326.14","846,555.527","0","448,344.192","-332,588.079","55,486,047.688","-1,321,518.987","-27,908,632.138","944,571.429","915,384.615","816,326.531","810,344.828","912,857.143","913,043.478","919,911.504","848,837.209","740,932.642","771,176.471","737,974.684","675,159.236","655,555.556","514,792.899","312,000","348,148.148","1,445,689.655","302,884.615","233,333.333","238,461.538","270,000","210,958.904","225,555.556","192,857.143","187,012.987","188,059.701","152,542.373","183,673.469","280,000","221,951.22","153,846.154","157,142.857","420,000","181,481.481","218,750","87,804.878","70,000","10,000",,,,,,