name,ttm,11/30/2020,08/31/2020,05/31/2020,02/29/2020,11/30/2019,08/31/2019,05/31/2019,02/28/2019,11/30/2018,08/31/2018,05/31/2018,02/28/2018,11/30/2017,08/31/2017,05/31/2017,02/28/2017,11/30/2016,08/31/2016,05/31/2016,02/29/2016,11/30/2015,08/31/2015,05/31/2015,02/28/2015,11/30/2014,08/31/2014,05/31/2014,02/28/2014,11/30/2013,08/31/2013,05/31/2013,02/28/2013,11/30/2012,08/31/2012,05/31/2012,02/29/2012,11/30/2011,08/31/2011,05/31/2011,02/28/2011,11/30/2010,08/31/2010,05/31/2010,02/28/2010,11/30/2009,08/31/2009,05/31/2009,02/28/2009,11/30/2008,08/31/2008,05/31/2008,02/29/2008,11/30/2007,08/31/2007,05/31/2007,02/28/2007,11/30/2006,08/31/2006,05/31/2006,02/28/2006,11/30/2005,08/31/2005,05/31/2005,02/28/2005,11/30/2004,08/31/2004,05/31/2004,02/29/2004,11/30/2003,08/31/2003,05/31/2003,02/28/2003,11/30/2002,08/31/2002,05/31/2002,02/28/2002,11/30/2001,08/31/2001,05/31/2001,02/28/2001,11/30/2000,08/31/2000,05/31/2000,02/29/2000,11/30/1999,08/31/1999,05/31/1999,02/28/1999,11/30/1998,08/31/1998,05/31/1998,02/28/1998,11/30/1997,08/31/1997,05/31/1997,02/28/1997,11/30/1996,08/31/1996,05/31/1996,02/29/1996,11/30/1995,08/31/1995,05/31/1995,02/28/1995,11/30/1994,08/31/1994,05/31/1994,02/28/1994,11/30/1993,08/31/1993,05/31/1993,02/28/1993,11/30/1992,08/31/1992,05/31/1992,02/29/1992,11/30/1991,08/31/1991,05/31/1991,02/28/1991,11/30/1990,08/31/1990,05/31/1990,02/28/1990,11/30/1989,08/31/1989,05/31/1989,02/28/1989,11/30/1988,08/31/1988,05/31/1988,02/29/1988,11/30/1987,08/31/1987,05/31/1987,02/28/1987,11/30/1986,08/31/1986,05/31/1986,02/28/1986,11/30/1985,08/31/1985
TotalRevenue,"22,064,000,000","5,773,000,000","6,056,000,000","5,438,000,000","4,797,000,000","5,144,000,000","4,870,000,000","4,788,000,000","5,835,000,000","7,913,000,000","8,440,000,000","7,797,000,000","7,351,000,000","6,803,000,000","6,138,000,000","5,566,000,000","4,648,000,000","3,970,000,000","3,217,000,000","2,898,000,000","2,934,000,000","3,350,000,000","3,600,000,000","3,853,000,000","4,166,000,000","4,573,000,000","4,227,000,000","3,982,000,000","4,107,000,000","4,042,000,000","2,843,000,000","2,318,000,000","2,078,000,000","1,834,000,000","1,963,000,000","2,172,000,000","2,009,000,000","2,090,000,000","2,140,000,000","2,139,000,000","2,257,000,000","2,252,000,000","2,493,000,000","2,288,000,000","1,961,000,000","1,740,000,000","1,302,000,000","1,106,000,000","993,000,000","1,402,000,000","1,449,000,000","1,498,000,000","1,359,000,000","1,535,000,000","1,437,000,000","1,294,000,000","1,427,000,000","1,530,000,000","1,372,900,000","1,312,300,000","1,225,000,000","1,361,800,000","1,257,800,000","1,054,200,000","1,307,900,000","1,260,300,000","1,189,200,000","1,116,800,000","991,000,000","1,107,200,000","888,500,000","732,700,000","785,000,000","685,100,000","748,000,000","771,200,000","645,900,000","423,900,000","480,300,000","818,300,000","1,065,700,000","1,832,300,000","2,570,200,000","1,789,200,000","1,392,500,000","1,584,400,000","1,080,800,000","863,800,000","1,025,800,000","793,600,000","691,900,000","609,900,000","755,400,000","954,600,000","946,200,000","965,000,000","876,200,000","728,100,000","700,500,000","771,000,000","996,500,000","1,185,800,000","1,028,000,000","761,200,000","628,500,000","535,000,000","491,611,000","426,392,000","390,459,000","320,100,000","306,000,000","214,900,000","176,400,000","131,000,000","135,200,000","131,100,000","128,200,000","111,800,000","123,800,000","126,800,000","94,500,000","80,300,000","105,300,000","84,100,000","77,500,000","66,500,000","103,000,000","119,200,000","113,800,000","110,400,000","113,400,000","85,600,000","58,300,000","43,200,000","29,500,000","22,800,000","20,100,000","18,800,000","20,000,000","14,400,000","9,400,000","5,000,000","6,200,000"
	OperatingRevenue,"22,064,000,000","5,773,000,000","6,056,000,000","5,438,000,000","4,797,000,000","5,144,000,000","4,870,000,000","4,788,000,000","5,835,000,000","7,913,000,000","8,440,000,000","7,797,000,000","7,351,000,000","6,803,000,000","6,138,000,000","5,566,000,000","4,648,000,000","3,970,000,000","3,217,000,000","2,898,000,000","2,934,000,000","3,350,000,000","3,600,000,000","3,853,000,000","4,166,000,000","4,573,000,000","4,227,000,000","3,982,000,000","4,107,000,000","4,042,000,000","2,843,000,000","2,318,000,000","2,078,000,000","1,834,000,000","1,963,000,000","2,172,000,000","2,009,000,000","2,090,000,000","2,140,000,000","2,139,000,000","2,257,000,000","2,252,000,000","2,493,000,000","2,288,000,000","1,961,000,000","1,740,000,000","1,302,000,000","1,106,000,000","993,000,000","1,402,000,000","1,449,000,000","1,498,000,000","1,359,000,000","1,535,000,000","1,437,000,000","1,294,000,000","1,427,000,000","1,530,000,000","1,372,900,000","1,312,300,000","1,225,000,000","1,361,800,000","1,257,800,000","1,054,200,000","1,307,900,000","1,260,300,000","1,189,200,000","1,116,800,000","991,000,000","1,107,200,000","888,500,000","732,700,000","785,000,000","685,100,000","748,000,000","771,200,000","645,900,000","423,900,000","480,300,000","818,300,000","1,065,700,000","1,832,300,000","2,570,200,000","1,789,200,000","1,392,500,000","1,584,400,000","1,080,800,000","863,800,000","1,025,800,000","793,600,000","691,900,000","609,900,000","755,400,000","954,600,000","946,200,000","965,000,000","876,200,000","728,100,000","700,500,000","771,000,000","996,500,000","1,185,800,000","1,028,000,000","761,200,000","628,500,000","535,000,000","491,611,000","426,392,000","390,459,000","320,100,000","306,000,000","214,900,000","176,400,000","131,000,000","135,200,000","131,100,000","128,200,000","111,800,000","123,800,000","126,800,000","94,500,000","80,300,000","105,300,000","84,100,000","77,500,000","66,500,000","103,000,000","119,200,000","113,800,000","110,400,000","113,400,000","85,600,000","58,300,000","43,200,000","29,500,000","22,800,000","20,100,000","18,800,000","20,000,000","14,400,000","9,400,000","5,000,000","6,200,000"
CostOfRevenue,"15,142,000,000","4,037,000,000","3,988,000,000","3,675,000,000","3,442,000,000","3,778,000,000","3,475,000,000","2,960,000,000","2,971,000,000","3,298,000,000","3,289,000,000","3,074,000,000","3,081,000,000","3,056,000,000","3,026,000,000","2,957,000,000","2,944,000,000","2,959,000,000","2,638,000,000","2,400,000,000","2,355,000,000","2,501,000,000","2,630,000,000","2,651,000,000","2,761,000,000","2,935,000,000","2,842,000,000","2,614,000,000","2,704,000,000","2,761,000,000","2,135,000,000","1,762,000,000","1,712,000,000","1,617,000,000","1,744,000,000","1,938,000,000","1,799,000,000","1,785,000,000","1,819,000,000","1,661,000,000","1,822,000,000","1,728,000,000","1,712,000,000","1,440,000,000","1,319,000,000","1,297,000,000","1,132,000,000","999,000,000","1,260,000,000","1,851,000,000","1,514,000,000","1,450,000,000","1,402,000,000","1,530,000,000","1,264,000,000","1,188,000,000","1,070,000,000","1,088,000,000","1,049,100,000","982,500,000","990,000,000","1,050,700,000","975,600,000","967,600,000","953,900,000","837,300,000","796,600,000","728,900,000","742,800,000","821,200,000","719,000,000","661,700,000","1,008,900,000","722,400,000","957,200,000","603,000,000","502,900,000","636,500,000","1,099,400,000","1,126,700,000","866,800,000","1,041,000,000","1,159,400,000","1,104,600,000","891,900,000","793,100,000","868,000,000","685,900,000","763,500,000","685,500,000","652,900,000","607,000,000","757,300,000","744,100,000","658,900,000","650,000,000","657,500,000","572,900,000","550,200,000","558,000,000","552,100,000","538,100,000","479,500,000","357,200,000","267,500,000","224,500,000","211,740,000","206,967,000","204,105,000","125,900,000","127,500,000","95,100,000","87,900,000","67,900,000","76,300,000","75,400,000","74,400,000","59,600,000","65,900,000","67,300,000","55,000,000","48,800,000","60,000,000","44,700,000","44,700,000","35,100,000","51,600,000","52,700,000",,"30,900,000",,,,,,,,,,,,,
GrossProfit,"6,922,000,000","1,736,000,000","2,068,000,000","1,763,000,000","1,355,000,000","1,366,000,000","1,395,000,000","1,828,000,000","2,864,000,000","4,615,000,000","5,151,000,000","4,723,000,000","4,270,000,000","3,747,000,000","3,112,000,000","2,609,000,000","1,704,000,000","1,011,000,000","579,000,000","498,000,000","579,000,000","849,000,000","970,000,000","1,202,000,000","1,405,000,000","1,638,000,000","1,385,000,000","1,368,000,000","1,403,000,000","1,281,000,000","708,000,000","556,000,000","366,000,000","217,000,000","219,000,000","234,000,000","210,000,000","305,000,000","321,000,000","478,000,000","435,000,000","524,000,000","781,000,000","848,000,000","642,000,000","443,000,000","170,000,000","107,000,000","-267,000,000","-449,000,000","-65,000,000","48,000,000","-43,000,000","5,000,000","173,000,000","106,000,000","357,000,000","442,000,000","323,800,000","329,800,000","235,000,000","311,100,000","282,200,000","86,600,000","354,000,000","423,000,000","392,600,000","387,900,000","248,200,000","286,000,000","169,500,000","71,000,000","-223,900,000","-37,300,000","-209,200,000","168,200,000","143,000,000","-212,600,000","-619,100,000","-308,400,000","198,900,000","791,300,000","1,410,800,000","684,600,000","500,600,000","791,300,000","212,800,000","177,900,000","262,300,000","108,100,000","39,000,000","2,900,000","-1,900,000","210,500,000","287,300,000","315,000,000","218,700,000","155,200,000","150,300,000","213,000,000","444,400,000","647,700,000","548,500,000","404,000,000","361,000,000","310,500,000","279,871,000","219,425,000","186,354,000","194,200,000","178,500,000","119,800,000","88,500,000","63,100,000","58,900,000","55,700,000","53,800,000","52,200,000","57,900,000","59,500,000","39,500,000","31,500,000","45,300,000","39,400,000","32,800,000","31,400,000","51,400,000","66,500,000",,"79,500,000",,,,,,,,,,,,,
OperatingExpense,"3,514,000,000","870,000,000","864,000,000","871,000,000","905,000,000","852,000,000","731,000,000","818,000,000","856,000,000","823,000,000","842,000,000","770,000,000","703,000,000","650,000,000","659,000,000","634,000,000","656,000,000","623,000,000","566,000,000","528,000,000","580,000,000","600,000,000","543,000,000","575,000,000","554,000,000","559,000,000","292,000,000","520,000,000","521,000,000","492,000,000","462,000,000","347,000,000","337,000,000","374,000,000","374,000,000","387,000,000","415,000,000","387,000,000","364,000,000","362,000,000","256,000,000","134,000,000","351,000,000","313,000,000","228,000,000","243,000,000","207,000,000","334,000,000","336,000,000","289,000,000","269,000,000","265,000,000","721,000,000","252,000,000","315,000,000","301,000,000","391,000,000","332,000,000","271,800,000","282,400,000","48,000,000","248,700,000","235,900,000","216,700,000","227,500,000","249,600,000","267,800,000","278,900,000","255,400,000","285,400,000","268,400,000","260,100,000","376,700,000","259,300,000","258,400,000","214,900,000","202,000,000","239,400,000","383,100,000","218,800,000","239,900,000","287,300,000","313,000,000","275,500,000","246,200,000","258,200,000","220,700,000","205,700,000","211,000,000","170,700,000","170,400,000","175,200,000","205,600,000","193,000,000","163,100,000","146,000,000","141,700,000","113,800,000","121,600,000","118,300,000","148,300,000","123,000,000","106,400,000","117,000,000","67,900,000","65,200,000","60,161,000","56,413,000","51,808,000","89,100,000","79,900,000","73,000,000","73,200,000","57,800,000","54,000,000","52,000,000","50,700,000","50,200,000","41,200,000","46,700,000","41,300,000","47,200,000","39,900,000","35,600,000","36,400,000","33,000,000","31,400,000","25,700,000",,"31,700,000",,,,,,,,,,,,,
	SellingGeneralAndAdministration,"884,000,000","214,000,000","231,000,000","216,000,000","223,000,000","211,000,000","212,000,000","206,000,000","209,000,000","209,000,000","215,000,000","211,000,000","196,000,000","191,000,000","193,000,000","204,000,000","187,000,000","159,000,000","157,000,000","148,000,000","175,000,000","179,000,000","170,000,000","169,000,000","187,000,000","193,000,000","180,000,000","174,000,000","177,000,000","176,000,000","193,000,000","127,000,000","123,000,000","119,000,000","139,000,000","156,000,000","174,000,000","151,000,000","155,000,000","151,000,000","146,000,000","140,000,000","141,000,000","190,000,000","100,000,000","97,000,000","82,000,000","80,000,000","90,000,000","102,000,000","107,000,000","116,000,000","120,000,000","112,000,000","143,000,000","134,000,000","153,000,000","180,000,000","143,700,000","113,200,000","108,000,000","95,300,000","65,700,000","88,600,000","84,900,000","101,200,000","75,300,000","94,300,000","81,800,000","99,000,000","124,200,000","87,200,000","92,400,000","104,800,000","95,900,000","77,200,000","79,300,000","84,900,000","204,400,000","104,300,000","109,000,000","149,600,000","181,300,000","174,900,000","142,700,000","167,600,000","133,300,000","124,100,000","125,500,000","103,000,000","98,600,000","109,000,000","135,700,000","129,100,000","100,800,000","93,400,000","94,900,000","66,600,000","75,500,000","67,100,000","100,300,000","76,400,000","67,100,000","54,400,000","39,000,000","38,200,000","32,742,000","35,773,000","33,094,000","48,400,000","44,100,000","35,800,000","37,400,000","27,900,000","25,500,000","26,500,000","25,500,000","24,800,000","17,100,000","24,600,000","18,100,000","21,000,000","18,600,000","18,600,000","18,900,000","17,400,000","18,400,000","17,200,000",,"24,300,000",,,,,,,,,,,,,
	ResearchAndDevelopment,"2,607,000,000","647,000,000","630,000,000","649,000,000","681,000,000","640,000,000","623,000,000","606,000,000","601,000,000","611,000,000","567,000,000","603,000,000","523,000,000","448,000,000","447,000,000","434,000,000","473,000,000","470,000,000","411,000,000","382,000,000","403,000,000","421,000,000","379,000,000","406,000,000","379,000,000","376,000,000","358,000,000","349,000,000","344,000,000","320,000,000","267,000,000","226,000,000","214,000,000","224,000,000","235,000,000","231,000,000","222,000,000","230,000,000","209,000,000","211,000,000","186,000,000","185,000,000","197,000,000","142,000,000","148,000,000","137,000,000","139,000,000","162,000,000","168,000,000","178,000,000","167,000,000","170,000,000","180,000,000","163,000,000","184,000,000","195,000,000","243,000,000","183,000,000","163,300,000","167,700,000","160,000,000","165,500,000","150,500,000","153,400,000","151,400,000","148,400,000","199,200,000","181,400,000","187,900,000","186,400,000","166,100,000","161,700,000","174,100,000","154,500,000","136,500,000","134,400,000","135,900,000","154,500,000","105,100,000","114,500,000","130,900,000","139,500,000","131,700,000","100,600,000","103,500,000","91,700,000","87,400,000","81,600,000","85,500,000","67,700,000","71,800,000","66,200,000","69,900,000","63,900,000","62,300,000","52,600,000","46,800,000","47,200,000","46,100,000","51,200,000","48,000,000","46,600,000","39,300,000","33,600,000","28,900,000","27,000,000","27,419,000","22,933,000","18,714,000",,,,,,,,,,,,,,,,,,,,,,,,,,,,,,,,,,
	DepreciationAmortizationDepletionIncomeStatement,,,,,,,,,,,,,,,,,,,,,,,,,,,,,,,,,,,,,,,,,,,,,,,,,,,,,,,,,,,,,,,,,,,,,,,,,,,,,,,,,,,,,,,,,,,,,,,,,,,,,,,,,,,,,,"40,700,000","35,800,000","37,200,000","35,800,000","29,900,000","28,500,000","25,500,000","25,200,000","25,400,000","24,100,000","22,100,000","23,200,000","26,200,000","21,300,000","17,000,000","17,500,000","15,600,000","13,000,000","8,500,000",,"7,400,000",,,,,,,,,,,,,
		DepreciationAndAmortizationInIncomeStatement,,,,,,,,,,,,,,,,,,,,,,,,,,,,,,,,,,,,,,,,,,,,,,,,,,,,,,,,,,,,,,,,,,,,,,,,,,,,,,,,,,,,,,,,,,,,,,,,,,,,,,,,,,,,,,"40,700,000","35,800,000","37,200,000","35,800,000","29,900,000","28,500,000","25,500,000","25,200,000","25,400,000","24,100,000","22,100,000","23,200,000","26,200,000","21,300,000","17,000,000","17,500,000","15,600,000","13,000,000","8,500,000",,"7,400,000",,,,,,,,,,,,,
	OtherOperatingExpenses,"23,000,000","9,000,000","3,000,000","6,000,000","1,000,000","1,000,000","-104,000,000","6,000,000","46,000,000","3,000,000","60,000,000","-44,000,000","-16,000,000","11,000,000","19,000,000","-4,000,000","-4,000,000","-6,000,000","-8,000,000","-2,000,000","2,000,000","17,000,000","-6,000,000","-4,000,000","-12,000,000","-10,000,000","-246,000,000","-3,000,000","1,000,000","-4,000,000","2,000,000","-6,000,000",,"31,000,000",,"33,000,000","19,000,000","6,000,000",,"-121,000,000","-76,000,000","-191,000,000","13,000,000","-19,000,000","-20,000,000","9,000,000","-14,000,000","92,000,000","78,000,000","9,000,000","-5,000,000","-21,000,000","421,000,000","-23,000,000","-12,000,000","-28,000,000","-5,000,000","-31,000,000","-35,200,000","1,500,000","-220,000,000","-12,100,000",,"-25,300,000","-8,800,000",,,"3,200,000","-14,300,000",,,"11,200,000","110,200,000",,"26,000,000","3,300,000","-13,200,000",,,,,"-1,800,000",,,,"-1,100,000",,,,,,,,,,,,,,,,,"0","29,000,000",,,,"-2,293,000",,,,,,,,,,,,,,,,,,,,,,,,,,,,,,,,,,,
OperatingIncome,"3,408,000,000","866,000,000","1,204,000,000","892,000,000","450,000,000","514,000,000","664,000,000","1,010,000,000","2,008,000,000","3,792,000,000","4,309,000,000","3,953,000,000","3,567,000,000","3,097,000,000","2,453,000,000","1,975,000,000","1,048,000,000","388,000,000","13,000,000","-30,000,000","-1,000,000","249,000,000","427,000,000","627,000,000","851,000,000","1,079,000,000","1,093,000,000","848,000,000","882,000,000","789,000,000","246,000,000","209,000,000","29,000,000","-157,000,000","-155,000,000","-153,000,000","-205,000,000","-82,000,000","-43,000,000","116,000,000","179,000,000","390,000,000","430,000,000","535,000,000","414,000,000","200,000,000","-37,000,000","-227,000,000","-603,000,000","-738,000,000","-334,000,000","-217,000,000","-764,000,000","-247,000,000","-142,000,000","-195,000,000","-34,000,000","110,000,000","52,000,000","47,400,000","187,000,000","62,400,000","46,300,000","-130,100,000","126,500,000","173,400,000","124,800,000","109,000,000","-7,200,000","600,000","-98,900,000","-189,100,000","-600,600,000","-296,600,000","-467,600,000","-46,700,000","-59,000,000","-452,000,000","-1,002,200,000","-527,200,000","-41,000,000","504,000,000","1,097,800,000","409,100,000","254,400,000","533,100,000","-7,900,000","-27,800,000","51,300,000","-62,600,000","-131,400,000","-172,300,000","-207,500,000","17,500,000","124,200,000","169,000,000","77,000,000","41,400,000","28,700,000","94,700,000","296,100,000","524,700,000","442,100,000","287,000,000","293,100,000","245,300,000","219,710,000","163,012,000","134,546,000","105,100,000","98,600,000","46,800,000","15,300,000","5,300,000","4,900,000","3,700,000","3,100,000","2,000,000","16,700,000","12,800,000","-1,800,000","-15,700,000","5,400,000","3,800,000","-3,600,000","-1,600,000","20,000,000","40,800,000","113,800,000","47,800,000","-68,200,000","85,600,000","58,300,000","43,200,000","-79,900,000","22,800,000","20,100,000","18,800,000","-57,500,000","14,400,000","9,400,000","5,000,000","-74,500,000"
NetNonOperatingInterestIncomeExpense,"-115,000,000","-38,000,000","-37,000,000","-28,000,000","-12,000,000","-3,000,000","18,000,000","23,000,000","31,000,000","5,000,000","-16,000,000","-44,000,000","-61,000,000","-101,000,000","-132,000,000","-143,000,000","-153,000,000","-132,000,000","-126,000,000","-99,000,000","-85,000,000","-85,000,000","-90,000,000","-88,000,000","-75,000,000","-83,000,000","-81,000,000","-75,000,000","-77,000,000","-96,000,000","-58,000,000","-52,000,000","-53,000,000","-54,000,000","-52,000,000","-53,000,000","-33,000,000","-33,000,000","-28,000,000","-22,000,000","-21,000,000","-30,000,000","-31,000,000","-40,000,000","-44,000,000","-45,000,000","-31,000,000","-31,000,000",,,,,,,,,,,,,,,,,,,,,,,,,,,,,,,,,,,,,,,,,,,,,,,,,,,,,,,,,,,,,,,,,,,,,,,,,,,,,,,,,,,,,,,,,,,,,,,
	InterestIncomeNonOperating,"80,000,000","10,000,000","13,000,000","23,000,000","34,000,000","44,000,000","57,000,000","52,000,000","58,000,000","38,000,000","34,000,000","36,000,000","27,000,000","23,000,000","16,000,000","10,000,000","8,000,000","7,000,000","9,000,000","10,000,000","12,000,000","11,000,000","11,000,000","9,000,000","8,000,000","7,000,000","7,000,000","5,000,000","6,000,000","5,000,000","6,000,000","2,000,000","3,000,000","3,000,000","1,000,000","3,000,000","2,000,000","2,000,000","2,000,000","6,000,000","7,000,000","8,000,000","10,000,000","4,000,000","2,000,000","2,000,000","2,000,000","6,000,000",,,,,,,,,,,,,,,,,,,,,,,,,,,,,,,,,,,,,,,,,,,,,,,,,,,,,,,,,,,,,,,,,,,,,,,,,,,,,,,,,,,,,,,,,,,,,,,
	InterestExpenseNonOperating,"195,000,000","48,000,000","50,000,000","51,000,000","46,000,000","47,000,000","39,000,000","29,000,000","27,000,000","33,000,000","50,000,000","80,000,000","88,000,000","124,000,000","148,000,000","153,000,000","161,000,000","139,000,000","135,000,000","109,000,000","97,000,000","96,000,000","101,000,000","97,000,000","83,000,000","90,000,000","88,000,000","80,000,000","83,000,000","101,000,000","64,000,000","54,000,000","56,000,000","57,000,000","53,000,000","56,000,000","35,000,000","35,000,000","30,000,000","28,000,000","28,000,000","38,000,000","41,000,000","44,000,000","46,000,000","47,000,000","33,000,000","37,000,000",,,,,,,,,,,,,,,,,,,,,,,,,,,,,,,,,,,,,,,,,,,,,,,,,,,,,,,,,,,,,,,,,,,,,,,,,,,,,,,,,,,,,,,,,,,,,,,
	TotalOtherFinanceCost,,,,,,,"-18,000,000","-23,000,000","-31,000,000","-5,000,000","16,000,000","44,000,000","61,000,000","101,000,000","132,000,000","143,000,000","153,000,000","132,000,000","126,000,000","99,000,000","85,000,000","85,000,000","90,000,000","88,000,000","75,000,000","83,000,000","81,000,000","75,000,000","77,000,000","96,000,000","58,000,000","52,000,000","53,000,000",,,,"33,000,000","33,000,000",,"22,000,000",,,,,,,,,,,,,,,,,,,,,,,,,,,,,,,,,,,,,,,,,,,,,,,,,,,,,,,,,,,,,,,,,,,,,,,,,,,,,,,,,,,,,,,,,,,,,,,,,,,,,,,
OtherIncomeExpense,"-30,000,000","13,000,000","-42,000,000","6,000,000","-11,000,000","50,000,000","-27,000,000","-317,000,000","-135,000,000","-24,000,000","53,000,000","-193,000,000","-53,000,000","-204,000,000","0","-95,000,000","30,000,000","-43,000,000","-55,000,000","-31,000,000","-10,000,000","-21,000,000","18,000,000","-12,000,000","-2,000,000","-43,000,000","-67,000,000","-30,000,000","-135,000,000","-318,000,000","1,490,000,000","-105,000,000","-211,000,000","1,000,000","11,000,000","-37,000,000","38,000,000",,"-7,000,000","131,000,000",,"-114,000,000","1,000,000","443,000,000",,"57,000,000","-13,000,000","-22,000,000","-242,000,000","43,000,000","-5,000,000","13,000,000","-435,000,000","9,000,000","-7,000,000","29,000,000","10,000,000","34,000,000","38,700,000","1,900,000","221,000,000","12,200,000","-20,700,000","24,000,000","8,800,000","200,000","8,200,000","-1,900,000","15,600,000","21,500,000","16,200,000","-4,800,000","-108,100,000","600,000","-26,900,000","-1,900,000","10,900,000","-5,900,000","-107,900,000","600,000","100,000","6,900,000","400,000","5,500,000","-300,000","9,600,000","500,000",,"400,000","1,000,000","400,000","200,000","157,600,000","100,000","1,500,000",,"205,100,000",,"300,000",,,,"0","29,000,000",,,,,,"400,000",,,,,,,,,,,,,,,,"1,600,000","3,300,000","3,900,000",,"3,900,000",,,,,,,,,,,,,
	GainOnSaleOfSecurity,"-7,000,000",,"-1,000,000","-3,000,000","-2,000,000","-2,000,000",,,"-3,000,000","-5,000,000","-15,000,000","-24,000,000","-27,000,000","-9,000,000","-12,000,000","-22,000,000","-28,000,000","-12,000,000","-11,000,000","-5,000,000","-5,000,000","-3,000,000","-1,000,000","1,000,000","-6,000,000","-21,000,000","-3,000,000","-5,000,000","-14,000,000","-6,000,000","-2,000,000","-46,000,000","-127,000,000",,,,,,,,,,,,,,,,,,,,,,,,,,,,,,,,,,,,,,,,,,,,,,,,,,,,,,,,,,,,,,,,,,,,,,,,,,,,,,,,,,,,,,,,,,,,,,,,,,,,,,,,,,,,,,
	EarningsFromEquityInterest,,,,,,,,,,,"0","0","0",,"0","0","71,000,000",,,,,,,,,,,,,,,,,,,,,,,,,,,,,,,,"-56,000,000",,,,,,,,,,,,,,,,,,,,,,,,,,,,,,,,,,,,,,,,,,,,,,,,,,,,,,,,,,,,,,,,,,,,,,,,,,,,,,,,,,,,,,,,,,,,,,
	SpecialIncomeCharges,"99,000,000",,"-47,000,000","-6,000,000","-10,000,000","46,000,000",,,"-134,000,000","-19,000,000","69,000,000","-168,000,000","-23,000,000","-195,000,000","12,000,000","-73,000,000","-4,000,000","-29,000,000","-45,000,000","0","-4,000,000","-18,000,000","0","-14,000,000","4,000,000","-24,000,000","-159,000,000","-25,000,000","-126,000,000","-313,000,000","1,445,000,000","-60,000,000","-83,000,000","1,000,000","11,000,000","-37,000,000","38,000,000","0","-7,000,000","131,000,000","0","-114,000,000","1,000,000","443,000,000","0","57,000,000","-13,000,000","-22,000,000","-186,000,000","43,000,000","-5,000,000","13,000,000","-435,000,000","9,000,000","-7,000,000","29,000,000","10,000,000","34,000,000","38,700,000","1,900,000","221,000,000","12,200,000","-20,700,000","24,000,000","8,800,000","200,000","8,200,000","-1,900,000","15,600,000","21,500,000","16,200,000","-4,800,000","-108,100,000","600,000","-26,900,000","-1,900,000","10,900,000","-5,900,000","-107,900,000","600,000","100,000","6,900,000","400,000","5,500,000","-300,000","9,600,000","500,000",,"400,000","1,000,000","400,000","200,000","157,600,000","100,000","1,500,000",,"205,100,000",,"300,000",,,,"0","29,000,000",,,,,,"400,000",,,,,,,,,,,,,,,,"1,600,000","3,300,000","3,900,000",,"3,900,000",,,,,,,,,,,,,
		RestructuringAndMergernAcquisition,"-112,000,000",,"50,000,000","4,000,000","10,000,000","-4,000,000",,,"51,000,000","33,000,000",,,"0",,"-27,000,000","12,000,000","4,000,000","29,000,000","51,000,000","0","1,000,000","15,000,000","2,000,000","0","0",,"22,000,000","12,000,000","50,000,000","-3,000,000","-1,456,000,000","30,000,000",,,,,,,,,,,"-3,000,000","-5,000,000","-1,000,000","-1,000,000","12,000,000","19,000,000","105,000,000","-66,000,000","4,000,000","8,000,000","8,000,000","13,000,000",,,,,,,,,"0",,"100,000","-1,500,000","-600,000","-700,000","-100,000","-21,100,000","6,700,000","-5,400,000",,,,,,,,,,,,,,,,,,,,,,,,,,,"-300,000",,,,"0","-29,000,000",,,,,,,,,,,,,,,,,,,,,,,,,,,,,,,,,,,,,,,
		ImpairmentOfCapitalAssets,,,,,,,,,,,,,,,,,,,,,,,,,,,"1,000,000","-3,000,000",,"-1,000,000","-29,000,000","0",,,,,,,,,,,"0","0","0",,"0","0",,,,,,,,,,,,,,,,,,,,,,,,,,,,,,,,,,,,,,,,,,,,,,,,,,,,,,,,,,,,,,,,,,,,,,,,,,,,,,,,,,,,,,,,,,,,,,,
		WriteOff,,,,,,,,,,,,,,,,,,,,,,,,,,,"-1,000,000","0","-5,000,000",,"33,000,000","25,000,000","62,000,000",,,,,,,,,,,,,,,,,,,,,,,,,,,,,,,,,,,,,,,,,,,,,,,,,,,,,,,,,,,,,,,,,,,,,,,,,,,,,,,,,,,,,,,,,,,,,,,,,,,,,,,,,,,,,,
		OtherSpecialCharges,"-30,000,000",,"0","2,000,000",,"-42,000,000",,,"83,000,000","-14,000,000","-1,000,000","168,000,000","23,000,000","195,000,000","37,000,000","61,000,000",,,"0","3,000,000",,"1,000,000","1,000,000","18,000,000",,"30,000,000","246,000,000","16,000,000","80,000,000","308,000,000","0",,"31,000,000",,,,,,"7,000,000","-131,000,000",,,"2,000,000","-1,000,000","1,000,000","-56,000,000","1,000,000","3,000,000","81,000,000","23,000,000","1,000,000","-21,000,000","427,000,000","-22,000,000",,,,,,,,,"20,700,000",,"-8,900,000","1,300,000","-7,600,000","2,600,000","-15,500,000","-400,000","-22,900,000","10,200,000",,,,,,,,,,,,,,,,,,,,,,,,,,,,,,,,,,,,,,,,,,,,,,,,,,,,,,,,,,,,,,,,,,,,,,,
		GainOnSaleOfBusiness,,,,,,,,,,,,,,,,,,,,,,,"0",,,"1,000,000","119,000,000",,,,,,,,,,,,"0","0",,,"0","437,000,000",,,,,,,,,,,,,,,,,,,,,,,,,,,,,,,,,,,,,,,,,,,,,,,,,,,,,,,,,,,,,,,,,,,,,,,,,,,,,,,,,,,,,,,,,,,,,,,,,,,
		GainOnSaleOfPPE,,,,,,,,,,,,,,,,,,,"6,000,000","3,000,000","-3,000,000","-2,000,000","3,000,000","4,000,000","4,000,000","6,000,000",,,"-1,000,000","-8,000,000","-7,000,000","-5,000,000","10,000,000",,,,,,,,,,,,,,,,,,,,,,,,,,,,,,,,,,,,,,,,,,,,,,,,,,,,,,,,,,,,,,,,,,,,,,,,,,,,,,,,,,,,,,,,,,,,,,,,,,,,,,,,,,,,,,
	OtherNonOperatingIncomeExpenses,"37,000,000","13,000,000","6,000,000","15,000,000","1,000,000","6,000,000","-13,000,000","-317,000,000","2,000,000","9,000,000","-1,000,000","-1,000,000","-3,000,000",,"0","-83,000,000","-9,000,000","-2,000,000","1,000,000","-26,000,000","-1,000,000",,"19,000,000","1,000,000",,"2,000,000","95,000,000",,"5,000,000","1,000,000","47,000,000","1,000,000","-1,000,000",,,,,,,,,,,,,,,,,,,,,,,,,,,,,,,,,,,,,,,,,,,,,,,,,,,,,,,,,,,,,,,,,,,,,,,,,,,,,,,,,,,,,,,,,,,,,,,,,,,,,,,,,,,,,,
PretaxIncome,"3,263,000,000","841,000,000","1,125,000,000","870,000,000","427,000,000","561,000,000","655,000,000","716,000,000","1,904,000,000","3,773,000,000","4,346,000,000","3,716,000,000","3,453,000,000","2,792,000,000","2,321,000,000","1,737,000,000","925,000,000","213,000,000","-168,000,000","-160,000,000","-96,000,000","143,000,000","355,000,000","527,000,000","774,000,000","953,000,000","945,000,000","743,000,000","670,000,000","375,000,000","1,678,000,000","52,000,000","-235,000,000","-210,000,000","-196,000,000","-243,000,000","-200,000,000","-115,000,000","-78,000,000","225,000,000","158,000,000","246,000,000","400,000,000","938,000,000","370,000,000","212,000,000","-81,000,000","-280,000,000","-742,000,000","-706,000,000","-353,000,000","-231,000,000","-775,000,000","-252,000,000","-146,000,000","-177,000,000","2,000,000","153,000,000","91,900,000","77,800,000","201,000,000","62,800,000","43,200,000","-135,200,000","121,500,000","169,100,000","121,300,000","104,900,000","-10,800,000","16,600,000","-113,100,000","-191,000,000","-601,600,000","-294,500,000","-464,400,000","-40,300,000","-50,700,000","-443,100,000","-1,020,100,000","-499,700,000","-1,300,000","542,800,000","1,110,700,000","423,200,000","250,000,000","533,100,000","-19,900,000","-42,200,000","-16,100,000","-69,500,000","-132,300,000","-171,300,000","-48,000,000","16,300,000","129,000,000","170,500,000","280,300,000","39,300,000","20,100,000","96,800,000","112,300,000","533,100,000","449,700,000","352,400,000","299,600,000","248,900,000","221,678,000","163,012,000","135,558,000","105,600,000","98,200,000","46,100,000","14,000,000","4,200,000","3,800,000","2,600,000","2,300,000","1,000,000","15,000,000","10,900,000","-3,400,000","-16,600,000","4,500,000","2,800,000",,,"23,400,000","44,700,000",,"51,700,000",,,,,,,,,,,,,
TaxProvision,"276,000,000","51,000,000","136,000,000","68,000,000","21,000,000","55,000,000","71,000,000","-135,000,000","280,000,000","477,000,000","20,000,000","-109,000,000","143,000,000","114,000,000","-47,000,000","92,000,000","38,000,000","31,000,000","3,000,000","15,000,000","5,000,000","-4,000,000","-69,000,000","104,000,000","47,000,000","75,000,000","-87,000,000","72,000,000","63,000,000","80,000,000","5,000,000","-1,000,000","-9,000,000","13,000,000","14,000,000","-38,000,000","9,000,000","-2,000,000","16,000,000","104,000,000","35,000,000","48,000,000","25,000,000","-41,000,000","4,000,000","-7,000,000","-13,000,000","-2,000,000","4,000,000","13,000,000","2,000,000","13,000,000","-4,000,000","7,000,000","6,000,000","9,000,000","6,000,000","9,000,000","4,000,000","6,500,000","7,000,000","200,000","100,000","-7,300,000","3,600,000","14,200,000","27,800,000","14,000,000","17,500,000","15,500,000","10,100,000","23,900,000","17,600,000","21,400,000","122,100,000","-16,100,000","-20,300,000","-177,200,000","-445,200,000","-195,500,000","-1,300,000","189,900,000","375,000,000","149,100,000","86,400,000","186,200,000","-7,500,000","-17,100,000","16,100,000","-27,600,000","-49,200,000","-67,300,000","-8,900,000","6,500,000","52,800,000","67,800,000","131,200,000","15,600,000","1,500,000","38,600,000","112,300,000","204,600,000","168,600,000","132,200,000","116,100,000","89,600,000","79,816,000","58,685,000","48,800,000","38,000,000","35,300,000","16,600,000","5,000,000","1,500,000","900,000","900,000","800,000","400,000","5,400,000","3,900,000","-1,200,000","-7,300,000","1,500,000","1,000,000","-4,400,000",,"7,400,000","15,900,000",,"19,500,000",,,,,,,,,,,,,
EarningsFromEquityInterestNetOfTax,"18,000,000","13,000,000","1,000,000","3,000,000","1,000,000","2,000,000","2,000,000","0","1,000,000",,"0","-2,000,000","1,000,000","0","1,000,000","2,000,000","7,000,000","-2,000,000","1,000,000","-40,000,000","5,000,000","59,000,000","47,000,000","68,000,000","208,000,000","124,000,000","119,000,000","135,000,000","134,000,000","86,000,000","37,000,000","-10,000,000","-58,000,000","-52,000,000","-32,000,000","-115,000,000","-73,000,000","-74,000,000","-40,000,000","-44,000,000","-48,000,000","-26,000,000","-16,000,000","-19,000,000","13,000,000","-17,000,000","-34,000,000","-45,000,000",,,,,,,,,,,,,,,,,,,,,,,,,,,,,,,,,,,,,,,,,,,,,,,,,,,,,,,,,,,,,,,,,,,,,,,,,,,,,,,,,,,,,,,,,,,,,,,
NetIncomeCommonStockholders,"2,999,000,000","803,000,000","988,000,000","803,000,000","405,000,000","491,000,000","561,000,000","840,000,000","1,619,000,000","3,293,000,000","4,325,000,000","3,823,000,000","3,309,000,000","2,678,000,000","2,368,000,000","1,647,000,000","894,000,000","180,000,000","-170,000,000","-215,000,000","-97,000,000","206,000,000","471,000,000","491,000,000","934,000,000","1,003,000,000","1,150,000,000","806,000,000","731,000,000","358,000,000","1,708,000,000","43,000,000","-286,000,000","-275,000,000","-243,000,000","-320,000,000","-282,000,000","-187,000,000","-135,000,000","75,000,000","72,000,000","155,000,000","342,000,000","939,000,000","365,000,000","204,000,000","-88,000,000","-290,000,000","-751,000,000","-706,000,000","-344,000,000","-236,000,000","-777,000,000","-262,000,000","-158,000,000","-225,000,000","-52,000,000","115,000,000","63,700,000","88,500,000","193,000,000","62,600,000","43,100,000","-127,900,000","117,900,000","154,900,000","93,500,000","90,900,000","-28,300,000","1,100,000","-123,200,000","-214,900,000","-619,200,000","-315,900,000","-586,500,000","-24,200,000","-30,400,000","-265,900,000","-575,500,000","-313,400,000","-88,300,000","352,200,000","726,700,000","274,900,000","161,300,000","341,300,000","-17,500,000","-27,700,000","22,400,000","-46,200,000","-89,000,000","-106,100,000","-48,100,000","9,600,000","72,000,000","96,800,000","142,700,000","20,600,000","18,600,000","58,200,000","188,200,000","328,500,000","281,100,000","220,200,000","183,500,000","159,300,000","141,862,000","104,327,000","86,758,000","67,600,000","62,900,000","29,500,000","9,000,000","2,700,000","2,900,000","1,700,000","1,500,000","600,000","9,600,000","7,000,000","-2,200,000","-9,300,000","3,000,000","1,800,000",,,"16,000,000","28,800,000",,"32,200,000",,,,,,,,,,,,,
	NetIncome,"2,999,000,000","803,000,000","988,000,000","803,000,000","405,000,000","491,000,000","561,000,000","840,000,000","1,619,000,000","3,293,000,000","4,325,000,000","3,823,000,000","3,309,000,000","2,678,000,000","2,368,000,000","1,647,000,000","894,000,000","180,000,000","-170,000,000","-215,000,000","-97,000,000","206,000,000","471,000,000","491,000,000","934,000,000","1,003,000,000","1,150,000,000","806,000,000","731,000,000","358,000,000","1,708,000,000","43,000,000","-286,000,000","-275,000,000","-243,000,000","-320,000,000","-282,000,000","-187,000,000","-135,000,000","75,000,000","72,000,000","155,000,000","342,000,000","939,000,000","365,000,000","204,000,000","-88,000,000","-290,000,000","-751,000,000","-706,000,000","-344,000,000","-236,000,000","-777,000,000","-262,000,000","-158,000,000","-225,000,000","-52,000,000","115,000,000","63,700,000","88,500,000","193,000,000","62,600,000","43,100,000","-127,900,000","117,900,000","154,900,000","93,500,000","90,900,000","-28,300,000","1,100,000","-123,200,000","-214,900,000","-619,200,000","-315,900,000","-586,500,000","-24,200,000","-30,400,000","-265,900,000","-575,500,000","-313,400,000","-88,300,000","352,200,000","726,700,000","274,900,000","161,300,000","341,300,000","-17,500,000","-27,700,000","22,400,000","-46,200,000","-89,000,000","-106,100,000","-48,100,000","9,600,000","72,000,000","96,800,000","142,700,000","20,600,000","18,600,000","58,200,000","188,200,000","328,500,000","281,100,000","220,200,000","183,500,000","159,300,000","141,862,000","104,327,000","86,758,000","67,600,000","62,900,000","29,500,000","9,000,000","2,700,000","2,900,000","1,700,000","1,500,000","600,000","9,600,000","7,000,000","-2,200,000","-9,300,000","3,000,000","1,800,000",,,"16,000,000","28,800,000",,"32,200,000",,,,,,,,,,,,,
		NetIncomeIncludingNoncontrollingInterests,"3,005,000,000","803,000,000","990,000,000","805,000,000","407,000,000","508,000,000","586,000,000","851,000,000","1,625,000,000","3,296,000,000","4,326,000,000","3,823,000,000","3,311,000,000","2,678,000,000","2,369,000,000","1,647,000,000","894,000,000","180,000,000","-170,000,000","-215,000,000","-96,000,000","206,000,000","471,000,000","491,000,000","935,000,000","1,002,000,000","1,151,000,000","806,000,000","741,000,000","381,000,000","1,710,000,000","43,000,000","-284,000,000","-275,000,000","-242,000,000","-320,000,000","-282,000,000","-187,000,000","-134,000,000","77,000,000","75,000,000","172,000,000","359,000,000","960,000,000","379,000,000","202,000,000","-102,000,000","-323,000,000","-802,000,000","-719,000,000","-355,000,000","-244,000,000","-771,000,000","-259,000,000","-152,000,000","-186,000,000","-4,000,000","144,000,000","87,900,000","71,300,000","193,000,000","62,600,000","43,100,000","-127,900,000","117,900,000","154,900,000","93,500,000","90,900,000","-28,300,000","1,100,000","-123,200,000","-214,900,000","-619,200,000","-315,900,000","-586,500,000","-24,200,000","-30,400,000","-265,900,000","-574,900,000","-316,500,000","-84,200,000","352,900,000","735,700,000","274,100,000","163,600,000","346,900,000","-12,400,000","-25,100,000","23,900,000","-41,900,000","-83,100,000","-104,000,000","-39,100,000","9,800,000","76,200,000","102,700,000","149,100,000","23,700,000","26,900,000","58,200,000","188,200,000","328,500,000","281,100,000","220,200,000","183,500,000","159,300,000","141,862,000","104,327,000","86,758,000","67,600,000","62,900,000","29,500,000","9,000,000","2,700,000","2,900,000","1,700,000","1,500,000","600,000","9,600,000","7,000,000","-2,200,000","-9,300,000","3,000,000","1,800,000",,,"16,000,000","28,800,000","29,200,000","32,200,000","43,300,000","29,300,000","16,900,000","8,400,000","1,500,000","-3,700,000","-10,900,000","-9,700,000","-5,800,000","-6,700,000","-9,800,000","-11,600,000","-7,300,000"
			NetIncomeContinuousOperations,"3,005,000,000","803,000,000","990,000,000","805,000,000","407,000,000","508,000,000","586,000,000","851,000,000","1,625,000,000","3,296,000,000","4,326,000,000","3,823,000,000","3,311,000,000","2,678,000,000","2,369,000,000","1,647,000,000","894,000,000","180,000,000","-170,000,000","-215,000,000","-96,000,000","206,000,000","471,000,000","491,000,000","935,000,000","1,002,000,000","1,151,000,000","806,000,000","741,000,000","381,000,000","1,710,000,000","43,000,000","-284,000,000","-275,000,000","-242,000,000","-320,000,000","-282,000,000","-187,000,000","-134,000,000","77,000,000","75,000,000","172,000,000","359,000,000","960,000,000","379,000,000","202,000,000","-102,000,000","-323,000,000","-751,000,000","-706,000,000","-344,000,000","-236,000,000","-777,000,000","-262,000,000","-158,000,000","-225,000,000","-52,000,000","115,000,000","63,700,000","88,500,000","193,000,000","62,600,000","43,100,000","-127,900,000","117,900,000","154,900,000","93,500,000","90,900,000","-28,300,000","1,100,000","-123,200,000","-214,900,000","-619,200,000","-315,900,000","-586,500,000","-24,200,000","-30,400,000","-265,900,000","-575,500,000","-301,100,000","-4,100,000","352,200,000","726,700,000","274,900,000","161,300,000","341,300,000","-17,500,000","-27,700,000","22,400,000","-46,200,000","-89,000,000","-106,100,000","-48,100,000","9,600,000","72,000,000","96,800,000","142,700,000","20,600,000","18,600,000","58,200,000","188,200,000","328,500,000","281,100,000","220,200,000","183,500,000","159,300,000","141,862,000","104,327,000","86,758,000","67,600,000","62,900,000","29,500,000","9,000,000","2,700,000","2,900,000","1,700,000","1,500,000","600,000","9,600,000","7,000,000","-2,200,000","-9,300,000","3,000,000","1,800,000",,,"16,000,000","28,800,000","29,200,000","32,200,000","43,300,000","29,300,000","16,900,000","8,400,000","1,500,000","-3,700,000","-10,900,000","-9,700,000","-5,800,000","-6,700,000","-9,800,000","-11,600,000","-7,300,000"
			NetIncomeDiscontinuousOperations,,,,,,,,,,,,,,,,,,,,,,,,,,,,,,,,,,,,,,,,,,,,,,,,,,,,,,,,,,,,,,,,,,,,,,,,,,,,,,,"0","-12,300,000","-84,200,000",,,,,,,,,,,,,,,,,,,,,,,,,,,,,,,,,,,,,,,,,,,,,,,,,,,,,,,,,,,,,,
		MinorityInterests,"-6,000,000","0","-2,000,000","-2,000,000","-2,000,000","-17,000,000","-25,000,000","-11,000,000","-6,000,000","-3,000,000","-1,000,000","0","-2,000,000","0","-1,000,000","0","0","0","0","0","-1,000,000","0","0","0","-1,000,000","1,000,000","-1,000,000","0","-10,000,000","-23,000,000","-2,000,000","0","-2,000,000","0","-1,000,000","0","0","0","-1,000,000","-2,000,000","-3,000,000","-17,000,000","-17,000,000","-21,000,000","-14,000,000","2,000,000","14,000,000","33,000,000","51,000,000","13,000,000","11,000,000","8,000,000","-6,000,000","-3,000,000","-6,000,000","-39,000,000","-48,000,000","-29,000,000","-24,200,000","17,200,000",,,,,,,,,,,,,,,,,,,"-600,000","3,100,000","-4,100,000","-700,000","-9,000,000","800,000","-2,300,000","-5,600,000","-5,100,000","-2,600,000","-1,500,000","-4,300,000","-5,900,000","-2,100,000","-9,000,000","-200,000","-4,200,000","-5,900,000","-6,400,000","-3,100,000",,,,,,,,,,,,,,,,,,,,,,,,,,,,,,,,,,,,,,,,,,,,,
AverageDilutionEarnings,"-10,000,000",,"0","0",,"-4,000,000","-6,000,000","-4,000,000","-2,000,000",,,,,,,,,,"0","0","0","0","0","-1,000,000","-2,000,000","-1,000,000","-1,000,000","-1,000,000",,,,,,,,,,,,,,,,,,,,,,,,,,,,,,,,,,,,,,,,,,,,,,,,,,,,,,,,,,,,,,,,,,,,,,,,,,,,,,,,,,,,,,,,,,,,,,,,,,,,,,,,,,,,,,,,,,,
DilutedNIAvailtoComStockholders,"2,999,000,000","803,000,000","988,000,000","803,000,000","405,000,000","487,000,000","555,000,000","836,000,000","1,617,000,000","3,293,000,000","4,325,000,000","3,823,000,000","3,309,000,000","2,678,000,000","2,368,000,000","1,647,000,000","894,000,000","180,000,000","-170,000,000","-215,000,000","-97,000,000","206,000,000","471,000,000","490,000,000","932,000,000","1,002,000,000","1,149,000,000","805,000,000","731,000,000","358,000,000","1,708,000,000","43,000,000","-286,000,000","-275,000,000","-243,000,000","-320,000,000","-282,000,000","-187,000,000","-135,000,000","75,000,000","72,000,000","155,000,000","342,000,000","939,000,000","365,000,000","204,000,000","-88,000,000","-290,000,000","-751,000,000","-706,000,000","-344,000,000","-236,000,000","-777,000,000","-262,000,000","-158,000,000","-225,000,000","-52,000,000","115,000,000","63,700,000","88,500,000","193,000,000","62,600,000","43,100,000","-127,900,000","117,900,000","154,900,000","93,500,000","90,900,000","-28,300,000","1,100,000","-123,200,000","-214,900,000","-619,200,000","-315,900,000","-586,500,000","-24,200,000","-30,400,000","-265,900,000","-575,500,000","-313,400,000","-88,300,000","352,200,000","726,700,000","274,900,000","161,300,000","341,300,000","-17,500,000","-27,700,000","22,400,000","-46,200,000","-89,000,000","-106,100,000","-48,100,000","9,600,000","72,000,000","96,800,000","142,700,000","20,600,000","18,600,000","58,200,000","188,200,000","328,500,000","281,100,000","220,200,000","183,500,000","159,300,000","141,862,000","104,327,000","86,758,000","67,600,000","62,900,000","29,500,000","9,000,000","2,700,000","2,900,000","1,700,000","1,500,000","600,000","9,600,000","7,000,000","-2,200,000","-9,300,000","3,000,000","1,800,000",,,"16,000,000","28,800,000",,"32,200,000",,,,,,,,,,,,,
BasicEPS,,"0.72","0.89","0.72","0.37","0.44","0.51","0.76","1.45","2.91","3.73","3.3","2.86","2.36","2.13","1.49","0.81","0.17","-0.16","-0.21","-0.09","0.2","0.44","0.46","0.87","0.94","1.08","0.76","0.69","0.34","1.65","0.04","-0.28","-0.27",,"-0.32","-0.23","-0.19",,"0.07","0.07","0.16",,"1.06","0.43","0.24",,"-0.36","-0.97","-0.91",,"-0.3","-1.01","-0.34",,"-0.29","-0.07","0.15",,"0.12","0.29","0.1",,"-0.2","0.18","0.24",,"0.14","-0.04","0",,"-0.36","-1.02","-0.52",,"-0.04","-0.05","-0.44",,"-0.53","-0.15","0.61",,"0.5","0.3","0.635",,"-0.05","0.04","-0.1",,"-0.25","-0.12","0.02",,"0.23","0.33","0.05",,"0.14","0.44","0.76",,"0.51","0.43","0.38",,"0.25","0.21","0.17",,"0.08","0.03","0.01",,"0.01","0.01","0.01",,"0.03","-0.01","-0.03",,"0.01",,,,"0.08","0.08","0.09",,"0.1","0.07","0.04",,"-0.02","-0.05","-0.05",,"-0.04","-0.05","-0.06",
DilutedEPS,,"0.71","0.87","0.71","0.36","0.43","0.49","0.74","1.42","2.81","3.56","3.1","2.67","2.19","1.99","1.4","0.77","0.16","-0.16","-0.21","-0.09","0.19","0.42","0.42","0.78","0.84","0.96","0.68","0.61","0.3","1.51","0.04","-0.28","-0.27",,"-0.32","-0.23","-0.19",,"0.07","0.07","0.15",,"0.92","0.39","0.23",,"-0.36","-0.97","-0.91",,"-0.3","-1.01","-0.34",,"-0.29","-0.07","0.15",,"0.12","0.27","0.09",,"-0.2","0.17","0.23",,"0.13","-0.04","0",,"-0.36","-1.02","-0.52",,"-0.04","-0.05","-0.44",,"-0.53","-0.15","0.58",,"0.47","0.29","0.595",,"-0.05","0.04","-0.1",,"-0.25","-0.12","0.02",,"0.22","0.33","0.05",,"0.14","0.44","0.76",,"0.51","0.43","0.38",,"0.25","0.21","0.17",,"0.08","0.03","0.01",,"0.01","0.01","0.01",,"0.03","-0.01","-0.03",,"0.01",,,,"0.08","0.08","0.09",,"0.1","0.06","0.04",,"-0.02","-0.05","-0.05",,"-0.04","-0.05","-0.06",
BasicAverageShares,,"1,115,000,000","1,111,000,000","1,111,000,000","1,111,000,000","1,107,000,000","1,104,000,000","1,105,000,000","1,114,000,000","1,133,000,000","1,159,000,000","1,159,000,000","1,156,000,000","1,134,000,000","1,109,000,000","1,106,000,000","1,099,000,000","1,040,000,000","1,037,000,000","1,036,000,000","1,036,000,000","1,035,000,000","1,060,000,000","1,073,000,000","1,074,000,000","1,070,000,000","1,068,000,000","1,067,000,000","1,060,000,000","1,046,000,000","1,033,200,000","1,024,000,000","1,016,000,000","1,013,700,000",,"987,300,000","982,800,000","981,400,000",,"998,900,000","988,100,000","972,900,000",,"885,400,000","847,600,000","846,300,000",,"813,300,000","773,900,000","773,300,000",,"772,800,000","772,400,000","771,900,000",,"769,900,000","768,700,000","767,000,000",,"708,600,000","661,500,000","650,100,000",,"648,200,000","647,100,000","646,000,000",,"644,200,000","643,200,000","633,800,000",,"608,300,000","607,200,000","605,200,000",,"602,300,000","600,500,000","599,200,000",,"596,300,000","593,800,000","581,900,000",,"551,000,000","540,800,000","538,400,000",,"532,600,000","528,600,000","491,400,000",,"424,600,000","423,600,000","431,800,000",,"435,000,000","431,000,000","428,000,000",,"429,000,000","430,400,000","434,400,000",,"430,200,000","425,600,000","421,600,000",,"422,520,000","415,180,000","397,647,059",,"368,750,000","300,000,000","388,292,000",,"381,700,000","380,672,000","375,404,000",,"383,333,333","310,000,000","310,000,000",,"368,572,000","368,116,000","367,856,000",,"360,000,000","357,777,778","357,777,778",,"298,100,000","258,100,000","258,100,000",,"256,392,000","256,392,000","212,212,000",,"191,820,000","191,820,000","191,600,000",
DilutedAverageShares,,"1,135,000,000","1,131,000,000","1,129,000,000","1,133,000,000","1,129,000,000","1,128,000,000","1,129,000,000","1,141,000,000","1,174,000,000","1,216,000,000","1,235,000,000","1,238,000,000","1,225,000,000","1,187,000,000","1,177,000,000","1,160,000,000","1,091,000,000","1,037,000,000","1,036,000,000","1,036,000,000","1,085,000,000","1,124,000,000","1,170,000,000","1,190,000,000","1,195,000,000","1,203,000,000","1,190,000,000","1,201,000,000","1,196,000,000","1,129,400,000","1,046,600,000","1,016,000,000","1,013,700,000",,"987,300,000","982,800,000","981,400,000",,"1,041,700,000","1,037,300,000","1,031,300,000",,"1,049,400,000","1,005,300,000","1,000,700,000",,"813,300,000","773,900,000","773,300,000",,"772,800,000","772,400,000","771,900,000",,"769,900,000","768,700,000","779,600,000",,"720,100,000","714,600,000","707,100,000",,"648,200,000","701,300,000","700,500,000",,"705,400,000","643,200,000","636,600,000",,"608,300,000","607,200,000","605,200,000",,"602,300,000","600,500,000","599,200,000",,"596,300,000","593,800,000","609,400,000",,"597,300,000","557,200,000","594,800,000",,"532,600,000","545,800,000","491,400,000",,"424,600,000","423,600,000","431,800,000",,"435,000,000","432,400,000","429,000,000",,"429,000,000","430,400,000","434,400,000",,"430,200,000","428,800,000","421,600,000",,"422,520,000","415,180,000","397,647,059",,"368,750,000","300,000,000","388,292,000",,"381,700,000","380,672,000","375,404,000",,"383,333,333","310,000,000","310,000,000",,"368,572,000","368,116,000","367,856,000",,"360,000,000","357,777,778","357,777,778",,"298,100,000","258,100,000","258,100,000",,"256,392,000","256,392,000","212,212,000",,"191,820,000","191,820,000","191,600,000",
TotalOperatingIncomeAsReported,"3,351,000,000","866,000,000","1,157,000,000","888,000,000","440,000,000","518,000,000","650,000,000","1,010,000,000","1,957,000,000","3,759,000,000","4,377,000,000","3,953,000,000","3,567,000,000","3,097,000,000","2,502,000,000","1,963,000,000","1,044,000,000","359,000,000","-32,000,000","-27,000,000","-5,000,000","232,000,000","427,000,000","631,000,000","855,000,000","1,085,000,000","828,000,000","839,000,000","869,000,000","551,000,000","207,000,000","149,000,000","-23,000,000","-157,000,000","-140,000,000","-191,000,000","-205,000,000","-82,000,000","-51,000,000","237,000,000","179,000,000","390,000,000","433,000,000","540,000,000","415,000,000","201,000,000","-49,000,000","-246,000,000","-708,000,000","-672,000,000","-338,000,000","-225,000,000","-772,000,000","-260,000,000","-161,000,000","-195,000,000","-34,000,000","110,000,000","53,000,000","47,400,000","187,000,000","62,400,000","46,300,000","-130,100,000","126,400,000","174,900,000","125,400,000","109,700,000","-7,100,000","21,700,000","-105,600,000","-183,700,000","-600,600,000","-296,600,000","-467,600,000","-46,700,000","-59,000,000","-452,000,000","-928,600,000","-527,200,000","-41,000,000","504,000,000","1,097,800,000","409,100,000","254,400,000","533,100,000","-7,900,000","-27,800,000","51,300,000","-62,600,000","-131,400,000","-172,300,000","-207,500,000","17,500,000","124,200,000","169,000,000","77,000,000","41,400,000","29,000,000","94,700,000","296,100,000","524,700,000","442,100,000","316,000,000","293,100,000","245,300,000","219,710,000","163,012,000","134,546,000","105,100,000","98,600,000","46,800,000","15,300,000","5,300,000","4,900,000","3,700,000","3,100,000","2,000,000","16,700,000","12,800,000","-1,800,000","-15,700,000","5,400,000","3,800,000","-3,600,000","-1,600,000","20,000,000","40,800,000",,"47,800,000",,,,,,,,,,,,,
TotalExpenses,"18,656,000,000","4,907,000,000","4,852,000,000","4,546,000,000","4,347,000,000","4,630,000,000","4,206,000,000","3,778,000,000","3,827,000,000","4,121,000,000","4,131,000,000","3,844,000,000","3,784,000,000","3,706,000,000","3,685,000,000","3,591,000,000","3,600,000,000","3,582,000,000","3,204,000,000","2,928,000,000","2,935,000,000","3,101,000,000","3,173,000,000","3,226,000,000","3,315,000,000","3,494,000,000","3,134,000,000","3,134,000,000","3,225,000,000","3,253,000,000","2,597,000,000","2,109,000,000","2,049,000,000","1,991,000,000","2,118,000,000","2,325,000,000","2,214,000,000","2,172,000,000","2,183,000,000","2,023,000,000","2,078,000,000","1,862,000,000","2,063,000,000","1,753,000,000","1,547,000,000","1,540,000,000","1,339,000,000","1,333,000,000","1,596,000,000","2,140,000,000","1,783,000,000","1,715,000,000","2,123,000,000","1,782,000,000","1,579,000,000","1,489,000,000","1,461,000,000","1,420,000,000","1,320,900,000","1,264,900,000","1,038,000,000","1,299,400,000","1,211,500,000","1,184,300,000","1,181,400,000","1,086,900,000","1,064,400,000","1,007,800,000","998,200,000","1,106,600,000","987,400,000","921,800,000","1,385,600,000","981,700,000","1,215,600,000","817,900,000","704,900,000","875,900,000","1,482,500,000","1,345,500,000","1,106,700,000","1,328,300,000","1,472,400,000","1,380,100,000","1,138,100,000","1,051,300,000","1,088,700,000","891,600,000","974,500,000","856,200,000","823,300,000","782,200,000","962,900,000","937,100,000","822,000,000","796,000,000","799,200,000","686,700,000","671,800,000","676,300,000","700,400,000","661,100,000","585,900,000","474,200,000","335,400,000","289,700,000","271,901,000","263,380,000","255,913,000","215,000,000","207,400,000","168,100,000","161,100,000","125,700,000","130,300,000","127,400,000","125,100,000","109,800,000","107,100,000","114,000,000","96,300,000","96,000,000","99,900,000","80,300,000","81,100,000","68,100,000","83,000,000","78,400,000",,"62,600,000",,,,,,,,,,,,,
NetIncomeFromContinuingAndDiscontinuedOperation,"2,999,000,000","803,000,000","988,000,000","803,000,000","405,000,000","491,000,000","561,000,000","840,000,000","1,619,000,000","3,293,000,000","4,325,000,000","3,823,000,000","3,309,000,000","2,678,000,000","2,368,000,000","1,647,000,000","894,000,000","180,000,000","-170,000,000","-215,000,000","-97,000,000","206,000,000","471,000,000","491,000,000","934,000,000","1,003,000,000","1,150,000,000","806,000,000","731,000,000","358,000,000","1,708,000,000","43,000,000","-286,000,000","-275,000,000","-243,000,000","-320,000,000","-282,000,000","-187,000,000","-135,000,000","75,000,000","72,000,000","155,000,000","342,000,000","939,000,000","365,000,000","204,000,000","-88,000,000","-290,000,000","-751,000,000","-706,000,000","-344,000,000","-236,000,000","-777,000,000","-262,000,000","-158,000,000","-225,000,000","-52,000,000","115,000,000","63,700,000","88,500,000","193,000,000","62,600,000","43,100,000","-127,900,000","117,900,000","154,900,000","93,500,000","90,900,000","-28,300,000","1,100,000","-123,200,000","-214,900,000","-619,200,000","-315,900,000","-586,500,000","-24,200,000","-30,400,000","-265,900,000","-575,500,000","-313,400,000","-88,300,000","352,200,000","726,700,000","274,900,000","161,300,000","341,300,000","-17,500,000","-27,700,000","22,400,000","-46,200,000","-89,000,000","-106,100,000","-48,100,000","9,600,000","72,000,000","96,800,000","142,700,000","20,600,000","18,600,000","58,200,000","188,200,000","328,500,000","281,100,000","220,200,000","183,500,000","159,300,000","141,862,000","104,327,000","86,758,000","67,600,000","62,900,000","29,500,000","9,000,000","2,700,000","2,900,000","1,700,000","1,500,000","600,000","9,600,000","7,000,000","-2,200,000","-9,300,000","3,000,000","1,800,000",,,"16,000,000","28,800,000",,"32,200,000",,,,,,,,,,,,,
NormalizedIncome,"2,999,000,000","803,000,000","1,030,197,333.333","811,298,000","416,412,000","451,312,000","561,000,000","840,000,000","1,735,861,000","3,313,976,000","4,271,248,504.372","4,009,432,000","3,356,950,000","2,873,636,000","2,368,000,000","1,736,965,000","924,688,000","215,014,000","-136,400,000","-210,470,000","-88,468,000","226,412,000","471,600,000","501,439,000","935,878,000","1,044,445,000","1,255,300,000","833,092,866.756","857,835,820.896","608,946,666.667","269,299,761.621","111,900,000","-84,042,553.191","-275,650,000","-250,150,000","-288,786,008.23","-306,700,000","-187,000,000","-130,450,000","-10,150,000","72,000,000","246,756,097.561","341,062,500","651,050,000","365,000,000","166,950,000","-77,086,419.753","-268,157,142.857","-630,100,000","-733,950,000","-340,750,000","-244,450,000","-344,245,161.29","-267,850,000","-153,450,000","-243,850,000","-58,500,000","83,000,000","26,684,439.608","86,758,740.36","-20,303,482.587","50,438,853.503","63,752,083.333","-150,604,142.012","109,360,740.741","154,716,794.796","87,179,307.502","92,546,425.167","-37,660,000","-11,800,000","-132,920,000","-212,020,000","-554,340,000","-316,260,000","-570,360,000","-23,059,057.072","-36,940,000","-262,359,467.389","-510,760,000","-301,465,259.155","-4,160,000","347,713,983.051","726,435,049.968","271,337,736.295","161,496,320","335,053,066.967","-17,811,557.789","-27,700,000","22,160,000","-46,802,877.698","-89,251,247.166","-106,221,424.402","-176,478,333.333","9,539,877.301","71,100,000","96,800,000","19,640,000","20,600,000","18,322,388.06","58,200,000","188,200,000","328,500,000","281,100,000","202,079,114.642","183,500,000","159,300,000","141,862,000","104,327,000","86,758,000","67,343,939.394","62,900,000","29,500,000","9,000,000","2,700,000","2,900,000","1,700,000","1,500,000","600,000","9,600,000","7,000,000","-2,200,000","-9,300,000","3,000,000","1,800,000",,,"13,743,589.744","26,287,248.322",,"29,770,986.46",,,,,,,,,,,,,
InterestIncome,"80,000,000","10,000,000","13,000,000","23,000,000","34,000,000","44,000,000","57,000,000","52,000,000","58,000,000","38,000,000","34,000,000","36,000,000","27,000,000","23,000,000","16,000,000","10,000,000","8,000,000","7,000,000","9,000,000","10,000,000","12,000,000","11,000,000","11,000,000","9,000,000","8,000,000","7,000,000","7,000,000","5,000,000","6,000,000","5,000,000","6,000,000","2,000,000","3,000,000","3,000,000","1,000,000","3,000,000","2,000,000","2,000,000","2,000,000","6,000,000","7,000,000","8,000,000","10,000,000","4,000,000","2,000,000","2,000,000","2,000,000","6,000,000",,,,,,,,,,,,,,,,,,,,,,,,,,,,,,,,,,,,,,,,,,,,,,,,,,,,,,,,,,,,,,,,,,,,,,,,,,,,,,,,,,,,,,,,,,,,,,,
InterestExpense,"195,000,000","48,000,000","50,000,000","51,000,000","46,000,000","47,000,000","39,000,000","29,000,000","27,000,000","33,000,000","50,000,000","80,000,000","88,000,000","124,000,000","148,000,000","153,000,000","161,000,000","139,000,000","135,000,000","109,000,000","97,000,000","96,000,000","101,000,000","97,000,000","83,000,000","90,000,000","88,000,000","80,000,000","83,000,000","101,000,000","64,000,000","54,000,000","56,000,000","57,000,000","53,000,000","56,000,000","35,000,000","35,000,000","30,000,000","28,000,000","28,000,000","38,000,000","41,000,000","44,000,000","46,000,000","47,000,000","33,000,000","37,000,000",,,,,,,,,,,,,,,,,,,,,,,,,,,,,,,,,,,,,,,,,,,,,,,,,,,,,,,,,,,,,,,,,,,,,,,,,,,,,,,,,,,,,,,,,,,,,,,
NetInterestIncome,"-115,000,000","-38,000,000","-37,000,000","-28,000,000","-12,000,000","-3,000,000","18,000,000","23,000,000","31,000,000","5,000,000","-16,000,000","-44,000,000","-61,000,000","-101,000,000","-132,000,000","-143,000,000","-153,000,000","-132,000,000","-126,000,000","-99,000,000","-85,000,000","-85,000,000","-90,000,000","-88,000,000","-75,000,000","-83,000,000","-81,000,000","-75,000,000","-77,000,000","-96,000,000","-58,000,000","-52,000,000","-53,000,000","-54,000,000","-52,000,000","-53,000,000","-33,000,000","-33,000,000","-28,000,000","-22,000,000","-21,000,000","-30,000,000","-31,000,000","-40,000,000","-44,000,000","-45,000,000","-31,000,000","-31,000,000",,,,,,,,,,,,,,,,,,,,,,,,,,,,,,,,,,,,,,,,,,,,,,,,,,,,,,,,,,,,,,,,,,,,,,,,,,,,,,,,,,,,,,,,,,,,,,,
EBIT,"3,458,000,000","889,000,000","1,175,000,000","921,000,000","473,000,000","608,000,000","694,000,000","745,000,000","1,931,000,000","3,806,000,000","4,396,000,000","3,796,000,000","3,541,000,000","2,916,000,000","2,469,000,000","1,890,000,000","1,086,000,000","352,000,000","-33,000,000","-51,000,000","1,000,000","239,000,000","456,000,000","624,000,000","857,000,000","1,043,000,000","1,033,000,000","823,000,000","753,000,000","476,000,000","1,742,000,000","106,000,000","-179,000,000","-153,000,000","-143,000,000","-187,000,000","-165,000,000","-80,000,000","-48,000,000","253,000,000","186,000,000","284,000,000","441,000,000","982,000,000","416,000,000","259,000,000","-48,000,000","-243,000,000","-603,000,000","-738,000,000","-334,000,000","-217,000,000","-764,000,000","-247,000,000","-142,000,000","-195,000,000","-34,000,000","110,000,000","52,000,000","47,400,000","187,000,000","62,400,000","46,300,000","-130,100,000","126,500,000","173,400,000","124,800,000","109,000,000","-7,200,000","600,000","-98,900,000","-189,100,000","-600,600,000","-296,600,000","-467,600,000","-46,700,000","-59,000,000","-452,000,000","-1,002,200,000","-527,200,000","-41,000,000","504,000,000","1,097,800,000","409,100,000","254,400,000","533,100,000","-7,900,000","-27,800,000","51,300,000","-62,600,000","-131,400,000","-172,300,000","-207,500,000","17,500,000","124,200,000","169,000,000","77,000,000","41,400,000","28,700,000","94,700,000","296,100,000","524,700,000","442,100,000","287,000,000","293,100,000","245,300,000","219,710,000","163,012,000","134,546,000","105,100,000","98,600,000","46,800,000","15,300,000","5,300,000","4,900,000","3,700,000","3,100,000","2,000,000","16,700,000","12,800,000","-1,800,000","-15,700,000","5,400,000","3,800,000","-3,600,000","-1,600,000","20,000,000","40,800,000","113,800,000","47,800,000","-68,200,000","85,600,000","58,300,000","43,200,000","-79,900,000","22,800,000","20,100,000","18,800,000","-57,500,000","14,400,000","9,400,000","5,000,000","-74,500,000"
EBITDA,"9,299,000,000"
ReconciledCostOfRevenue,"15,142,000,000","4,037,000,000","3,988,000,000","3,675,000,000","3,442,000,000","3,778,000,000","3,475,000,000","2,960,000,000","2,971,000,000","3,298,000,000","3,289,000,000","3,074,000,000","3,081,000,000","3,056,000,000","3,026,000,000","2,957,000,000","2,944,000,000","2,959,000,000","2,638,000,000","2,400,000,000","2,355,000,000","2,501,000,000","2,630,000,000","2,651,000,000","2,761,000,000","2,935,000,000","2,842,000,000","2,614,000,000","2,704,000,000","2,761,000,000","2,135,000,000","1,762,000,000","1,712,000,000","1,617,000,000","1,744,000,000","1,938,000,000","1,799,000,000","1,785,000,000","1,819,000,000","1,661,000,000","1,822,000,000","1,728,000,000","1,712,000,000","1,440,000,000","1,319,000,000","1,297,000,000","1,132,000,000","999,000,000","1,260,000,000","1,851,000,000","1,514,000,000","1,450,000,000","1,402,000,000","1,530,000,000","1,264,000,000","1,188,000,000","1,070,000,000","1,088,000,000","1,049,100,000","982,500,000","990,000,000","1,050,700,000","975,600,000","967,600,000","953,900,000","837,300,000","796,600,000","728,900,000","742,800,000","821,200,000","719,000,000","661,700,000","1,008,900,000","722,400,000","957,200,000","603,000,000","502,900,000","636,500,000","1,099,400,000","1,126,700,000","866,800,000","1,041,000,000","1,159,400,000","1,104,600,000","891,900,000","793,100,000","868,000,000","685,900,000","763,500,000","685,500,000","652,900,000","607,000,000","757,300,000","744,100,000","658,900,000","650,000,000","657,500,000","572,900,000","550,200,000","558,000,000","552,100,000","538,100,000","479,500,000","357,200,000","267,500,000","224,500,000","211,740,000","206,967,000","204,105,000","125,900,000","127,500,000","95,100,000","87,900,000","67,900,000","76,300,000","74,700,000","74,600,000","59,600,000","65,900,000","69,600,000","57,900,000","48,800,000","60,000,000","39,800,000","42,700,000","35,100,000","51,600,000","52,700,000",,"30,900,000",,,,,,,,,,,,,
ReconciledDepreciation,"5,841,000,000","1,487,000,000","1,567,000,000","1,422,000,000","1,365,000,000","1,296,000,000","1,416,000,000","1,360,000,000","1,313,000,000","1,335,000,000","1,285,000,000","1,233,000,000","1,151,000,000","1,090,000,000","1,066,000,000","1,021,000,000","1,003,000,000","771,000,000","714,000,000","755,000,000","774,000,000","737,000,000","710,000,000","673,000,000","641,000,000","643,000,000","553,000,000","542,000,000","517,000,000","491,000,000","450,000,000","442,000,000","455,000,000","457,000,000","483,000,000","525,000,000","569,000,000","564,000,000","555,000,000","547,000,000","486,000,000","517,000,000","531,000,000","497,000,000","486,000,000","491,000,000","491,000,000","514,000,000","540,000,000","594,000,000","532,000,000","513,000,000","511,000,000","504,000,000","474,000,000","444,000,000","420,000,000","380,000,000","344,800,000","341,200,000","291,600,000","303,400,000","314,900,000","318,700,000","317,200,000","313,700,000","309,300,000","300,100,000","295,600,000","312,500,000","298,800,000","301,000,000","310,200,000","299,900,000","295,500,000","293,400,000","290,900,000","297,600,000","295,200,000","278,800,000","265,900,000","274,500,000","267,600,000","255,200,000","242,000,000","229,500,000","230,400,000","204,000,000","219,400,000","189,500,000","171,900,000","151,200,000","147,200,000","136,300,000","111,400,000","122,400,000","117,600,000","110,300,000","102,000,000","98,200,000","90,300,000","73,200,000","61,400,000","51,000,000","44,900,000","41,700,000","41,116,000","52,396,000","46,988,000","40,700,000","35,800,000","37,200,000","35,800,000","29,900,000","28,500,000","26,200,000","25,000,000","25,400,000","24,100,000","19,800,000","20,300,000","26,200,000","21,300,000","21,900,000","19,500,000","15,600,000","13,000,000","8,500,000",,"7,400,000",,,,,,,,,,,,,
NetIncomeFromContinuingOperationNetMinorityInterest,"2,999,000,000","803,000,000","988,000,000","803,000,000","405,000,000","491,000,000","561,000,000","840,000,000","1,619,000,000","3,293,000,000","4,325,000,000","3,823,000,000","3,309,000,000","2,678,000,000","2,368,000,000","1,647,000,000","894,000,000","180,000,000","-170,000,000","-215,000,000","-97,000,000","206,000,000","471,000,000","491,000,000","934,000,000","1,003,000,000","1,150,000,000","806,000,000","731,000,000","358,000,000","1,708,000,000","43,000,000","-286,000,000","-275,000,000","-243,000,000","-320,000,000","-282,000,000","-187,000,000","-135,000,000","75,000,000","72,000,000","155,000,000","342,000,000","939,000,000","365,000,000","204,000,000","-88,000,000","-290,000,000","-751,000,000","-706,000,000","-344,000,000","-236,000,000","-777,000,000","-262,000,000","-158,000,000","-225,000,000","-52,000,000","115,000,000","63,700,000","88,500,000","193,000,000","62,600,000","43,100,000","-127,900,000","117,900,000","154,900,000","93,500,000","90,900,000","-28,300,000","1,100,000","-123,200,000","-214,900,000","-619,200,000","-315,900,000","-586,500,000","-24,200,000","-30,400,000","-265,900,000","-575,500,000","-301,100,000","-4,100,000","352,200,000","726,700,000","274,900,000","161,300,000","341,300,000","-17,500,000","-27,700,000","22,400,000","-46,200,000","-89,000,000","-106,100,000","-48,100,000","9,600,000","72,000,000","96,800,000","142,700,000","20,600,000","18,600,000","58,200,000","188,200,000","328,500,000","281,100,000","220,200,000","183,500,000","159,300,000","141,862,000","104,327,000","86,758,000","67,600,000","62,900,000","29,500,000","9,000,000","2,700,000","2,900,000","1,700,000","1,500,000","600,000","9,600,000","7,000,000","-2,200,000","-9,300,000","3,000,000","1,800,000",,,"16,000,000","28,800,000",,"32,200,000",,,,,,,,,,,,,
TotalUnusualItemsExcludingGoodwill,"92,000,000",,"-48,000,000","-9,000,000","-12,000,000","44,000,000",,,"-137,000,000","-24,000,000","54,000,000","-192,000,000","-50,000,000","-204,000,000","0","-95,000,000","-32,000,000","-41,000,000","-56,000,000","-5,000,000","-9,000,000","-21,000,000","-1,000,000","-13,000,000","-2,000,000","-45,000,000","-162,000,000","-30,000,000","-140,000,000","-319,000,000","1,443,000,000","-106,000,000","-210,000,000","1,000,000","11,000,000","-37,000,000","38,000,000","0","-7,000,000","131,000,000","0","-114,000,000","1,000,000","443,000,000","0","57,000,000","-13,000,000","-22,000,000","-186,000,000","43,000,000","-5,000,000","13,000,000","-435,000,000","9,000,000","-7,000,000","29,000,000","10,000,000","34,000,000","38,700,000","1,900,000","221,000,000","12,200,000","-20,700,000","24,000,000","8,800,000","200,000","8,200,000","-1,900,000","15,600,000","21,500,000","16,200,000","-4,800,000","-108,100,000","600,000","-26,900,000","-1,900,000","10,900,000","-5,900,000","-107,900,000","600,000","100,000","6,900,000","400,000","5,500,000","-300,000","9,600,000","500,000",,"400,000","1,000,000","400,000","200,000","157,600,000","100,000","1,500,000",,"205,100,000",,"300,000",,,,"0","29,000,000",,,,,,"400,000",,,,,,,,,,,,,,,,,"3,300,000","3,900,000",,"3,900,000",,,,,,,,,,,,,
TotalUnusualItems,"92,000,000",,"-48,000,000","-9,000,000","-12,000,000","44,000,000",,,"-137,000,000","-24,000,000","54,000,000","-192,000,000","-50,000,000","-204,000,000","0","-95,000,000","-32,000,000","-41,000,000","-56,000,000","-5,000,000","-9,000,000","-21,000,000","-1,000,000","-13,000,000","-2,000,000","-45,000,000","-162,000,000","-30,000,000","-140,000,000","-319,000,000","1,443,000,000","-106,000,000","-210,000,000","1,000,000","11,000,000","-37,000,000","38,000,000","0","-7,000,000","131,000,000","0","-114,000,000","1,000,000","443,000,000","0","57,000,000","-13,000,000","-22,000,000","-186,000,000","43,000,000","-5,000,000","13,000,000","-435,000,000","9,000,000","-7,000,000","29,000,000","10,000,000","34,000,000","38,700,000","1,900,000","221,000,000","12,200,000","-20,700,000","24,000,000","8,800,000","200,000","8,200,000","-1,900,000","15,600,000","21,500,000","16,200,000","-4,800,000","-108,100,000","600,000","-26,900,000","-1,900,000","10,900,000","-5,900,000","-107,900,000","600,000","100,000","6,900,000","400,000","5,500,000","-300,000","9,600,000","500,000",,"400,000","1,000,000","400,000","200,000","157,600,000","100,000","1,500,000",,"205,100,000",,"300,000",,,,"0","29,000,000",,,,,,"400,000",,,,,,,,,,,,,,,,,"3,300,000","3,900,000",,"3,900,000",,,,,,,,,,,,,
NormalizedEBITDA,"9,299,000,000","2,376,000,000","2,790,000,000","2,352,000,000","1,850,000,000","1,860,000,000","2,110,000,000","2,105,000,000","3,381,000,000","5,165,000,000","5,627,000,000","5,221,000,000","4,742,000,000","4,210,000,000","3,535,000,000","3,006,000,000","2,121,000,000","1,164,000,000","737,000,000","709,000,000","784,000,000","997,000,000","1,167,000,000","1,310,000,000","1,500,000,000","1,731,000,000","1,748,000,000","1,395,000,000","1,410,000,000","1,286,000,000","749,000,000","654,000,000","486,000,000","303,000,000","329,000,000","375,000,000","366,000,000","484,000,000","514,000,000","669,000,000","672,000,000","915,000,000","971,000,000","1,036,000,000","902,000,000","693,000,000","456,000,000","293,000,000","123,000,000","-187,000,000","203,000,000","283,000,000","182,000,000","248,000,000","339,000,000","220,000,000","376,000,000","456,000,000","358,100,000","386,700,000","257,600,000","353,600,000","381,900,000","164,600,000","434,900,000","486,900,000","425,900,000","411,000,000","272,800,000","291,600,000","183,700,000","116,700,000","-182,300,000","2,700,000","-145,200,000","248,600,000","221,000,000","-148,500,000","-599,100,000","-249,000,000","224,800,000","771,600,000","1,365,000,000","658,800,000","496,700,000","753,000,000","222,000,000","176,200,000","270,300,000","125,900,000","40,100,000","-21,300,000","-217,900,000","153,700,000","234,100,000","291,400,000","-10,500,000","151,700,000","130,400,000","192,900,000","386,400,000","597,900,000","503,500,000","309,000,000","338,000,000","287,000,000","260,826,000","215,408,000","181,534,000","145,400,000","134,400,000","84,000,000","51,100,000","35,200,000","33,400,000","29,900,000","28,300,000","27,400,000","40,800,000","34,900,000","21,400,000","10,500,000","26,700,000","25,700,000","15,900,000","14,000,000","29,700,000","45,400,000","113,800,000","51,300,000","-68,200,000","85,600,000","58,300,000","43,200,000","-79,900,000","22,800,000","20,100,000","18,800,000","-57,500,000","14,400,000","9,400,000","5,000,000","-74,500,000"
TaxRateForCalcs,"0.085","0.061","0.121","0.078","0.049","0.098","0.108","0.27","0.147","0.126","0.005","0.029","0.041","0.041","0.4","0.053","0.041","0.146","0.4","0.094","0.052","0.028","0.4","0.197","0.061","0.079","0.35","0.097","0.094","0.213","0.003","0.35","0.038","0.35","0.35","0.156","0.35","0.017","0.35","0.35","0.222","0.195","0.063","0.35","0.011","0.35","0.16","0.007","0.35","0.35","0.35","0.35","0.005","0.35","0.35","0.35","0.35","0.059","0.044","0.084","0.035","0.003","0.002","0.054","0.03","0.084","0.229","0.133","0.4","0.4","0.4","0.4","0.4","0.4","0.4","0.4","0.4","0.4","0.4","0.391","0.4","0.35","0.338","0.352","0.346","0.349","0.377","0.4","0.4","0.397","0.372","0.393","0.185","0.399","0.4","0.398","0.4","0.397","0.075","0.399","0.4","0.384","0.375","0.375","0.388","0.36","0.36","0.36","0.36","0.36","0.359","0.36","0.357","0.357","0.237","0.346","0.348","0.4","0.36","0.358","0.353","0.4","0.333","0.357",,,"0.316","0.356",,"0.377",,,,,,,,,,,,,
TaxEffectOfUnusualItems,"0","0","-5,802,666.667","-702,000","-588,000","4,312,000","0","0","-20,139,000","-3,024,000","248,504.372","-5,568,000","-2,050,000","-8,364,000","0","-5,035,000","-1,312,000","-5,986,000","-22,400,000","-470,000","-468,000","-588,000","-400,000","-2,561,000","-122,000","-3,555,000","-56,700,000","-2,907,133.244","-13,164,179.104","-68,053,333.333","4,299,761.621","-37,100,000","-8,042,553.191","350,000","3,850,000","-5,786,008.23","13,300,000","0","-2,450,000","45,850,000","0","-22,243,902.439","62,500","155,050,000","0","19,950,000","-2,086,419.753","-157,142.857","-65,100,000","15,050,000","-1,750,000","4,550,000","-2,245,161.29","3,150,000","-2,450,000","10,150,000","3,500,000","2,000,000","1,684,439.608","158,740.36","7,696,517.413","38,853.503","-47,916.667","1,295,857.988","260,740.741","16,794.796","1,879,307.502","-253,574.833","6,240,000","8,600,000","6,480,000","-1,920,000","-43,240,000","240,000","-10,760,000","-759,057.072","4,360,000","-2,359,467.389","-43,160,000","234,740.845","40,000","2,413,983.051","135,049.968","1,937,736.295","-103,680","3,353,066.967","188,442.211","0","160,000","397,122.302","148,752.834","78,575.598","29,221,666.667","39,877.301","600,000","0","82,040,000","0","22,388.06","0","0","0","0","10,879,114.642","0","0","0","0","0","143,939.394","0","0","0","0","0","0","0","0","0","0","0","0","0","0",,,"1,043,589.744","1,387,248.322",,"1,470,986.46",,,,,,,,,,,,,