name,ttm,12/31/2020,09/30/2020,06/30/2020,03/31/2020,12/31/2019,09/30/2019,06/30/2019,03/31/2019,12/31/2018,09/30/2018,06/30/2018,03/31/2018,12/31/2017,09/30/2017,06/30/2017,03/31/2017,12/31/2016,09/30/2016,06/30/2016,03/31/2016,12/31/2015,09/30/2015,06/30/2015,03/31/2015,12/31/2014,09/30/2014,06/30/2014,03/31/2014,12/31/2013,09/30/2013,06/30/2013,03/31/2013,12/31/2012,09/30/2012,06/30/2012,03/31/2012,12/31/2011,09/30/2011,06/30/2011,03/31/2011,12/31/2010,09/30/2010,06/30/2010,03/31/2010,12/31/2009,09/30/2009,06/30/2009,03/31/2009,12/31/2008,09/30/2008,06/30/2008,03/31/2008,12/31/2007,09/30/2007,06/30/2007,03/31/2007,12/31/2006,09/30/2006,06/30/2006,03/31/2006,12/31/2005,09/30/2005,06/30/2005,03/31/2005,12/31/2004,09/30/2004,06/30/2004,03/31/2004,12/31/2003,09/30/2003,06/30/2003,03/31/2003,12/31/2002,09/30/2002,06/30/2002,03/31/2002,12/31/2001,09/30/2001,06/30/2001,03/31/2001,12/31/2000,09/30/2000,06/30/2000,03/31/2000
TotalRevenue,"5,255,000,000","1,446,300,000","1,317,300,000","1,213,500,000","1,277,900,000","1,401,800,000","1,381,800,000","1,347,700,000","1,386,600,000","1,503,100,000","1,541,700,000","1,455,900,000","1,377,600,000","1,377,500,000","1,390,900,000","1,338,000,000","1,436,700,000","1,261,000,000","950,900,000","877,800,000","817,200,000","840,300,000","904,200,000","880,500,000","870,800,000","864,200,000","833,500,000","757,600,000","706,500,000","718,000,000","715,400,000","688,300,000","661,000,000","680,200,000","725,500,000","744,800,000","744,400,000","767,900,000","898,000,000","905,800,000","870,600,000","579,200,000","600,700,000","583,300,000","550,200,000","497,100,000","472,900,000","419,800,000","379,100,000","488,700,000","581,500,000","562,700,000","421,900,000","407,900,000","402,900,000","381,200,000","374,200,000","401,600,000","420,900,000","375,300,000","334,000,000","341,800,000","313,600,000","302,800,000","302,400,000","306,800,000","318,400,000","333,500,000","308,200,000","278,600,000","264,800,000","256,200,000","266,500,000","265,700,000","272,000,000","277,700,000","269,100,000","266,600,000","277,000,000","310,700,000","360,500,000","493,400,000","543,200,000","550,500,000","486,800,000"
	OperatingRevenue,"5,255,000,000","1,446,300,000","1,317,300,000","1,213,500,000","1,277,900,000","1,401,800,000","1,381,800,000","1,347,700,000","1,386,600,000","1,503,100,000","1,541,700,000","1,455,900,000","1,377,600,000","1,377,500,000","1,390,900,000","1,338,000,000","1,436,700,000","1,261,000,000","950,900,000","877,800,000","817,200,000","840,300,000","904,200,000","880,500,000","870,800,000","864,200,000","833,500,000","757,600,000","706,500,000","718,000,000","715,400,000","688,300,000","661,000,000","680,200,000","725,500,000","744,800,000","744,400,000","767,900,000","898,000,000","905,800,000","870,600,000","579,200,000","600,700,000","583,300,000","550,200,000","497,100,000","472,900,000","419,800,000","379,100,000","488,700,000","581,500,000","562,700,000","421,900,000","407,900,000","402,900,000","381,200,000","374,200,000","401,600,000","420,900,000","375,300,000","334,000,000","341,800,000","313,600,000","302,800,000","302,400,000","306,800,000","318,400,000","333,500,000","308,200,000","278,600,000","264,800,000","256,200,000","266,500,000","265,700,000","272,000,000","277,700,000","269,100,000","266,600,000","277,000,000","310,700,000","360,500,000","493,400,000","543,200,000","550,500,000","486,800,000"
CostOfRevenue,"3,539,200,000","948,700,000","876,100,000","839,200,000","875,200,000","916,100,000","906,600,000","848,700,000","872,900,000","933,400,000","945,100,000","900,900,000","860,200,000","863,300,000","866,700,000","845,900,000","933,400,000","876,500,000","621,900,000","569,900,000","541,700,000","560,400,000","595,700,000","576,100,000","570,400,000","587,200,000","549,400,000","484,600,000","455,700,000","465,100,000","466,200,000","456,500,000","456,500,000","469,800,000","487,500,000","486,500,000","499,200,000","528,700,000","636,900,000","639,700,000","628,200,000","341,600,000","354,200,000","339,500,000","322,100,000","302,500,000","297,100,000","281,600,000","267,000,000","303,000,000","359,900,000","371,100,000","275,300,000","255,600,000","247,300,000","235,200,000","237,600,000","243,900,000","260,500,000","222,100,000","216,300,000","222,100,000","209,500,000","204,300,000","206,200,000","208,200,000","215,400,000","221,100,000","212,300,000","199,500,000","190,700,000","182,800,000","196,200,000","192,400,000","194,000,000","201,700,000","210,900,000","230,000,000","240,000,000","255,600,000","273,900,000","324,700,000","349,200,000","357,700,000","323,400,000"
GrossProfit,"1,715,800,000","497,600,000","441,200,000","374,300,000","402,700,000","485,700,000","475,200,000","499,000,000","513,700,000","569,700,000","596,600,000","555,000,000","517,400,000","514,200,000","524,200,000","492,100,000","503,300,000","384,500,000","329,000,000","307,900,000","275,500,000","279,900,000","308,500,000","304,400,000","300,400,000","277,000,000","284,100,000","273,000,000","250,800,000","252,900,000","249,200,000","231,800,000","204,500,000","210,400,000","238,000,000","258,300,000","245,200,000","239,200,000","261,100,000","266,100,000","242,400,000","237,600,000","246,500,000","243,800,000","228,100,000","229,700,000","175,800,000","138,200,000","112,100,000","185,700,000","221,600,000","191,600,000","146,600,000","152,300,000","155,600,000","146,000,000","136,600,000","157,700,000","160,400,000","153,200,000","117,700,000","119,700,000","104,100,000","98,500,000","96,200,000","98,600,000","103,000,000","112,400,000","95,900,000","79,100,000","74,100,000","73,400,000","70,300,000","73,300,000","78,000,000","76,000,000","58,200,000","36,600,000","37,000,000","55,100,000","86,600,000","168,700,000","194,000,000","192,800,000","163,400,000"
OperatingExpense,"1,300,600,000","322,400,000","313,200,000","313,700,000","351,300,000","346,200,000","345,200,000","322,200,000","327,500,000","347,200,000","350,600,000","351,300,000","331,300,000","338,100,000","335,700,000","330,200,000","315,000,000","324,300,000","260,500,000","225,200,000","215,400,000","219,600,000","235,700,000","229,400,000","234,300,000","240,600,000","216,400,000","187,200,000","171,700,000","168,500,000","170,900,000","174,800,000","172,800,000","184,300,000","182,200,000","196,800,000","190,100,000","188,900,000","202,400,000","204,100,000","197,300,000","137,200,000","137,900,000","140,000,000","140,100,000","111,500,000","118,200,000","116,400,000","107,100,000","131,800,000","145,500,000","144,000,000","92,300,000","81,500,000","80,400,000","74,500,000","73,900,000","72,700,000","72,200,000","69,200,000","64,800,000","63,700,000","61,700,000","59,400,000","62,800,000","58,400,000","59,500,000","63,400,000","59,100,000","54,200,000","50,400,000","56,600,000","58,900,000","59,300,000","58,600,000","61,100,000","64,100,000","64,200,000","73,000,000","83,300,000","89,300,000","111,700,000","117,600,000","108,400,000","81,800,000"
	SellingGeneralAndAdministration,"537,400,000","133,400,000","127,500,000","128,500,000","148,000,000","144,800,000","142,500,000","147,700,000","150,000,000","156,600,000","156,400,000","156,300,000","148,700,000","151,300,000","147,500,000","156,100,000","145,900,000","151,600,000","124,300,000","98,700,000","93,700,000","94,000,000","97,200,000","95,400,000","100,000,000","103,300,000","99,600,000","92,600,000","85,400,000","81,500,000","78,700,000","83,500,000","76,000,000","85,000,000","81,000,000","87,900,000","87,600,000","87,200,000","100,300,000","103,500,000","96,500,000","69,900,000","66,700,000","71,800,000","67,100,000","53,600,000","57,100,000","58,400,000","56,300,000","65,900,000","71,500,000","69,800,000","49,600,000","46,100,000","46,000,000","42,100,000","43,100,000","46,200,000","46,300,000","44,000,000","41,200,000","40,000,000","37,800,000","36,400,000","39,700,000","35,400,000","36,600,000","38,400,000","35,600,000","20,000,000","33,800,000","36,700,000","38,200,000","38,900,000","38,700,000","41,900,000","43,800,000","41,700,000","49,000,000","54,800,000","60,600,000","85,200,000","91,900,000","85,800,000","70,600,000"
		GeneralAndAdministrativeExpense,"258,700,000","62,400,000","62,200,000","62,900,000","71,200,000","69,200,000","67,800,000","74,100,000","72,900,000","74,500,000","73,300,000","74,600,000","70,900,000","71,000,000","68,900,000","76,600,000","68,400,000","72,200,000","67,600,000","46,000,000","44,500,000","45,700,000","44,900,000","45,000,000","46,700,000","46,700,000","48,500,000","44,700,000","41,000,000","37,600,000","34,500,000","40,200,000","36,200,000","40,900,000","36,800,000","40,900,000","42,000,000","41,100,000","51,900,000","52,300,000","47,100,000","31,900,000","31,200,000","35,300,000","31,500,000","20,100,000","27,100,000","30,000,000","27,300,000",,,,,,,,,,,,,,,,,,,,,,,,,,,,,,,,,,,,
			OtherGandA,"258,700,000","62,400,000","62,200,000","62,900,000","71,200,000","69,200,000","67,800,000","74,100,000","72,900,000","74,500,000","73,300,000","74,600,000","70,900,000","71,000,000","68,900,000","76,600,000","68,400,000","72,200,000","67,600,000","46,000,000","44,500,000","45,700,000","44,900,000","45,000,000","46,700,000","46,700,000","48,500,000","44,700,000","41,000,000","37,600,000","34,500,000","40,200,000","36,200,000","40,900,000","36,800,000","40,900,000","42,000,000","41,100,000","51,900,000","52,300,000","47,100,000","31,900,000","31,200,000","35,300,000","31,500,000","20,100,000","27,100,000","30,000,000","27,300,000",,,,,,,,,,,,,,,,,,,,,,,,,,,,,,,,,,,,
		SellingAndMarketingExpense,"278,700,000","71,000,000","65,300,000","65,600,000","76,800,000","75,600,000","74,700,000","73,600,000","77,100,000","82,100,000","83,100,000","81,700,000","77,800,000","80,300,000","78,600,000","79,500,000","77,500,000","79,400,000","56,700,000","52,700,000","49,200,000","48,300,000","52,300,000","50,400,000","53,300,000","56,600,000","51,100,000","47,900,000","44,400,000","43,900,000","44,200,000","43,300,000","39,800,000","44,100,000","44,200,000","47,000,000","45,600,000","46,100,000","48,400,000","51,200,000","49,400,000","38,000,000","35,500,000","36,500,000","35,600,000","33,500,000","30,000,000","28,400,000","29,000,000",,,,,,,,,,,,,,,,,,,,,,,,,,,,,,,,,,,,
	ResearchAndDevelopment,"642,900,000","159,700,000","156,100,000","156,100,000","171,000,000","169,300,000","172,800,000","147,000,000","151,800,000","162,200,000","166,200,000","167,100,000","155,200,000","158,000,000","150,900,000","145,500,000","140,000,000","139,800,000","111,500,000","103,000,000","98,000,000","91,000,000","104,900,000","100,400,000","100,400,000","110,900,000","93,400,000","84,200,000","78,100,000","78,700,000","84,000,000","83,100,000","88,400,000","88,200,000","90,100,000","97,800,000","91,400,000","90,700,000","91,500,000","89,200,000","91,100,000","59,400,000","63,300,000","60,100,000","65,200,000","50,700,000","53,800,000","50,700,000","43,600,000","58,900,000","67,200,000","67,500,000","40,300,000","35,400,000","34,400,000","32,400,000","30,800,000","26,500,000","25,900,000","25,200,000","23,600,000","23,700,000","23,900,000","23,000,000","23,100,000","23,000,000","22,900,000","25,000,000","23,500,000","34,200,000","16,600,000","17,000,000","17,700,000","17,500,000","16,900,000","16,200,000","17,300,000","16,900,000","18,000,000","22,900,000","22,900,000","20,600,000","20,300,000","17,100,000","11,200,000"
	DepreciationAmortizationDepletionIncomeStatement,"120,300,000","29,300,000","29,600,000","29,100,000","32,300,000","32,100,000","29,900,000","27,500,000","25,700,000","28,400,000","28,000,000","27,900,000","27,400,000","28,800,000","37,300,000","28,600,000","29,100,000","32,900,000","24,700,000","23,500,000","23,700,000","34,600,000","33,600,000","33,600,000","33,900,000","26,400,000","23,400,000","10,400,000","8,200,000","8,300,000","8,200,000","8,200,000","8,400,000","11,100,000","11,100,000","11,100,000","11,100,000","11,000,000","10,600,000","11,400,000","9,700,000","7,900,000","7,900,000","8,100,000","7,800,000","7,200,000","7,300,000","7,300,000","7,200,000",,,"6,700,000","2,400,000",,,,,,,,,,,,,,,,,"0",,"2,900,000","3,000,000","2,900,000","3,000,000","3,000,000","3,000,000","5,600,000","6,000,000","5,600,000","5,800,000","5,900,000","5,400,000","5,500,000",
		DepreciationAndAmortizationInIncomeStatement,"120,300,000","29,300,000","29,600,000","29,100,000","32,300,000","32,100,000","29,900,000","27,500,000","25,700,000","28,400,000","28,000,000","27,900,000","27,400,000","28,800,000","37,300,000","28,600,000","29,100,000","32,900,000","24,700,000","23,500,000","23,700,000","34,600,000","33,600,000","33,600,000","33,900,000","26,400,000","23,400,000","10,400,000","8,200,000","8,300,000","8,200,000","8,200,000","8,400,000","11,100,000","11,100,000","11,100,000","11,100,000","11,000,000","10,600,000","11,400,000","9,700,000","7,900,000","7,900,000","8,100,000","7,800,000","7,200,000","7,300,000","7,300,000","7,200,000",,,"6,700,000","2,400,000",,,,,,,,,,,,,,,,,"0",,"2,900,000","3,000,000","2,900,000","3,000,000","3,000,000","3,000,000","5,600,000","6,000,000","5,600,000","5,800,000","5,900,000","5,400,000","5,500,000",
			Amortization,"120,300,000","29,300,000","29,600,000","29,100,000","32,300,000","32,100,000","29,900,000","27,500,000","25,700,000","28,400,000","28,000,000","27,900,000","27,400,000","28,800,000","37,300,000","28,600,000","29,100,000","32,900,000","24,700,000","23,500,000","23,700,000","34,600,000","33,600,000","33,600,000","33,900,000","26,400,000","23,400,000","10,400,000","8,200,000","8,300,000","8,200,000","8,200,000","8,400,000","11,100,000","11,100,000","11,100,000","11,100,000","11,000,000","10,600,000","11,400,000","9,700,000","7,900,000","7,900,000","8,100,000","7,800,000","7,200,000","7,300,000","7,300,000","7,200,000",,,"6,700,000","2,400,000",,,,,,,,,,,,,,,,,"0",,"2,900,000","3,000,000","2,900,000","3,000,000","3,000,000","3,000,000","5,600,000","6,000,000","5,600,000","5,800,000","5,900,000","5,400,000","5,500,000",
				AmortizationOfIntangiblesIncomeStatement,"120,300,000","29,300,000","29,600,000","29,100,000","32,300,000","32,100,000","29,900,000","27,500,000","25,700,000","28,400,000","28,000,000","27,900,000","27,400,000","28,800,000","37,300,000","28,600,000","29,100,000","32,900,000","24,700,000","23,500,000","23,700,000","34,600,000","33,600,000","33,600,000","33,900,000","26,400,000","23,400,000","10,400,000","8,200,000","8,300,000","8,200,000","8,200,000","8,400,000","11,100,000","11,100,000","11,100,000","11,100,000","11,000,000","10,600,000","11,400,000","9,700,000","7,900,000","7,900,000","8,100,000","7,800,000","7,200,000","7,300,000","7,300,000","7,200,000",,,"6,700,000","2,400,000",,,,,,,,,,,,,,,,,"0",,"2,900,000","3,000,000","2,900,000","3,000,000","3,000,000","3,000,000","5,600,000","6,000,000","5,600,000","5,800,000","5,900,000","5,400,000","5,500,000",
	OtherOperatingExpenses,,,,,,,,,,,,,,,,,,,,,,,,,,,,,,,,,,,,,,,,,,,,,,,,,,,"6,800,000",,,,,,,,,,,,,,,,,,,,,,,,,,,,,,,,,,
OperatingIncome,"415,200,000","175,200,000","128,000,000","60,600,000","51,400,000","139,500,000","130,000,000","176,800,000","186,200,000","222,500,000","246,000,000","203,700,000","186,100,000","176,100,000","188,500,000","161,900,000","188,300,000","60,200,000","68,500,000","82,700,000","60,100,000","60,300,000","72,800,000","75,000,000","66,100,000","36,400,000","67,700,000","85,800,000","79,100,000","84,400,000","78,300,000","57,000,000","31,700,000","26,100,000","55,800,000","61,500,000","55,100,000","50,300,000","58,700,000","62,000,000","45,100,000","100,400,000","108,600,000","103,800,000","88,000,000","83,100,000","57,600,000","21,800,000","5,000,000","53,900,000","76,100,000","47,600,000","54,300,000","70,800,000","75,200,000","71,500,000","62,700,000","85,000,000","88,200,000","84,000,000","52,900,000","56,000,000","42,400,000","39,100,000","33,400,000","40,200,000","43,500,000","49,000,000","36,800,000","24,900,000","23,700,000","16,800,000","11,400,000","14,000,000","19,400,000","14,900,000","-5,900,000","-27,600,000","-36,000,000","-28,200,000","-2,700,000","57,000,000","76,400,000","84,400,000","81,600,000"
NetNonOperatingInterestIncomeExpense,"-163,500,000","-41,200,000","-41,300,000","-40,400,000","-40,600,000","-39,800,000","-38,400,000","-30,700,000","-29,200,000","-30,100,000","-29,900,000","-31,500,000","-30,600,000","-32,000,000","-34,200,000","-34,200,000","-37,800,000","-40,200,000","-45,300,000","-40,000,000","-15,300,000","-14,600,000","-14,700,000","-10,400,000","-8,900,000","-8,600,000","-8,400,000","-7,700,000","-7,900,000","-9,700,000","-8,900,000","-8,900,000","-9,800,000","-12,300,000","-13,300,000","-13,800,000","-15,200,000","-16,100,000","-16,600,000","-17,600,000","-17,500,000","-16,300,000","-13,900,000","-14,400,000","-16,300,000","-15,300,000","-15,700,000","-15,500,000","-17,300,000",,,,,,,,,,,,,,,,,,,,,,,,,,,,,,,,,,,,
	InterestIncomeNonOperating,"4,900,000","600,000","900,000","1,500,000","1,900,000","2,400,000","2,300,000","3,000,000","2,500,000","2,800,000","1,300,000","1,100,000","900,000","1,200,000","700,000","500,000","600,000","700,000","1,400,000","2,100,000","300,000","300,000","200,000","300,000","300,000","900,000","200,000","200,000","200,000","300,000","300,000","400,000","300,000","400,000","300,000","300,000","500,000","300,000","300,000","200,000","300,000","100,000","200,000","100,000","100,000","100,000","100,000","200,000","400,000",,,,,,,,,,,,,,,,,,,,,,,,,,,,,,,,,,,,
	InterestExpenseNonOperating,"168,400,000","41,800,000","42,200,000","41,900,000","42,500,000","42,200,000","40,700,000","33,700,000","31,700,000","32,900,000","31,200,000","32,600,000","31,500,000","33,200,000","34,900,000","34,700,000","38,400,000","40,900,000","46,700,000","42,100,000","15,600,000","14,900,000","14,900,000","10,700,000","9,200,000","9,500,000","8,600,000","7,900,000","8,100,000","10,000,000","9,200,000","9,300,000","10,100,000","12,700,000","13,600,000","14,100,000","15,700,000","16,400,000","16,900,000","17,800,000","17,800,000","16,400,000","14,100,000","14,500,000","16,400,000","15,400,000","15,800,000","15,700,000","17,700,000",,,,,,,,,,,,,,,,,,,,,,,,,,,,,,,,,,,,
	TotalOtherFinanceCost,,,,,,"0","5,800,000","400,000",,"0","600,000","4,000,000",,"14,300,000","6,700,000",,"26,200,000",,,,,,,,,,,,,,,,,,,,,,,,,,,,,,,,,,,,,,,,,,,,,,,,,,,,,,,,,,,,,,,,,,,,
OtherIncomeExpense,"-75,100,000","-13,500,000","-8,600,000","-20,300,000","-32,700,000","-17,000,000","-176,200,000","-19,900,000","-4,700,000","-3,700,000","-100,000","21,200,000","1,400,000","-23,100,000","14,000,000","15,500,000","-35,500,000","-1,800,000","64,100,000","-9,300,000","-3,100,000","-5,000,000","-1,300,000","-5,500,000","6,000,000","-21,800,000","-11,000,000","-5,300,000","-6,400,000","-22,600,000","-12,400,000","-2,000,000","3,800,000","-155,100,000","-22,600,000","-32,300,000","-6,800,000","-73,700,000","-73,800,000","600,000","48,700,000","-26,500,000","-900,000","-6,400,000","-6,600,000","200,000","-9,400,000","-9,500,000","-14,000,000","-533,400,000","-8,800,000","-13,000,000","-25,400,000","-700,000","-1,800,000",,"-600,000","9,300,000","-700,000","-3,500,000","1,000,000","200,000","-1,000,000","-3,400,000","-2,100,000","-104,000,000","-4,400,000","-27,300,000","-47,800,000","-31,200,000","400,000","-34,600,000","-2,100,000","-17,000,000","-300,000","-600,000","-5,900,000","-15,300,000","1,000,000","-94,300,000","-34,300,000","100,000","2,100,000","-24,500,000","-5,000,000"
	EarningsFromEquityInterest,,,,,,,,,,,,,,,,,,,,,,,,,,,,,,,,,,,,,,,,,,,,,,,,,,,,,,,,,,,,,,,,,,,,,,,,,"1,400,000","500,000","-300,000","2,500,000","1,200,000","1,000,000","1,000,000","1,500,000","3,700,000","100,000","2,100,000","2,400,000","-200,000"
	SpecialIncomeCharges,"-66,500,000","-7,200,000","-9,000,000","-17,500,000","-32,800,000","-600,000","-179,700,000","-18,900,000","-6,800,000","3,900,000","-3,600,000","22,200,000","3,400,000","-22,200,000","16,100,000","16,200,000","-31,100,000","-4,500,000","64,100,000","-7,400,000","-1,700,000","-4,800,000","-3,400,000","-7,600,000","2,300,000","-20,100,000","-10,100,000","-4,100,000","-5,800,000","-22,100,000","-11,000,000","-6,100,000","2,900,000","-160,900,000","-22,600,000","-32,300,000","-6,800,000","-73,700,000","-73,800,000","600,000","48,700,000","-26,500,000","-900,000","-6,400,000","-6,600,000","200,000","-9,400,000","-9,500,000","-14,000,000","-533,400,000","-8,800,000","-13,000,000","-25,400,000","-700,000","-1,800,000",,"-600,000","9,300,000","-700,000","-3,500,000","1,000,000","200,000","-1,000,000","-3,400,000","-2,100,000","-104,000,000","-4,400,000","-27,300,000","-47,800,000","-31,200,000","400,000","-34,600,000","-3,500,000","-17,500,000",,"-3,100,000","-7,100,000","-16,300,000",,"-95,800,000","-38,000,000","0",,"-26,900,000","-4,800,000"
		RestructuringAndMergernAcquisition,"65,200,000","7,200,000","9,000,000","16,200,000","32,800,000","600,000","4,400,000","18,100,000","5,600,000","-3,700,000","4,400,000","3,200,000","400,000","4,700,000","9,700,000","5,900,000","500,000","4,500,000","21,800,000","5,200,000","1,700,000","4,800,000","3,300,000","3,500,000","-2,300,000","10,500,000","10,100,000","4,100,000","5,800,000","22,100,000","11,000,000","6,100,000","-6,000,000","108,000,000","11,200,000","34,600,000","11,500,000","77,800,000","65,400,000","5,100,000","12,400,000","3,500,000","900,000","2,300,000","3,800,000","-700,000","7,900,000","8,100,000","9,600,000","3,700,000","2,500,000","14,200,000","5,800,000","1,000,000","2,000,000",,,"-10,200,000",,"3,300,000",,"-800,000","200,000","2,800,000","1,100,000","5,600,000",,"900,000","13,100,000","29,900,000","-3,300,000","34,600,000",,"17,500,000",,"3,100,000","7,100,000","16,400,000",,"95,800,000","38,000,000","0",,,"4,800,000"
		ImpairmentOfCapitalAssets,"1,300,000","0","0","1,300,000","0","0","0","400,000","1,200,000","3,500,000","0","3,300,000","0","5,400,000","1,500,000","1,800,000","4,400,000","0","0","2,200,000",,"0","100,000","3,700,000",,"4,600,000",,,,"0",,,"0","49,500,000",,,,,,,"0",,,,,,,,,,,,,,,,,,,,,,,,,,,,,,,,,,,,,,,,,,,,
		OtherSpecialCharges,,,,,"100,000","0","175,300,000","400,000",,"0","600,000","4,000,000",,"14,300,000","6,700,000",,"26,200,000","0","6,300,000",,,"0",,"400,000",,,,,,"0",,,"3,100,000","3,400,000","11,400,000","-2,300,000","-4,700,000","-4,100,000","8,400,000","-5,700,000","-61,100,000","6,900,000","800,000","4,100,000","2,800,000","500,000","1,500,000","1,400,000","4,400,000","-14,800,000","6,300,000","-1,200,000","19,600,000","-300,000","-200,000",,,"900,000",,"200,000",,"600,000","800,000","600,000","1,000,000","98,400,000",,"26,400,000","34,700,000","1,300,000","2,900,000",,,,,,,"-100,000",,,,,,,
		GainOnSaleOfBusiness,"0",,,,,"0","0","0",,"0","400,000","4,600,000",,"0","12,500,000",,,"0","92,200,000",,,,,,,,,,,,,,,,,,"0",,,,,,,,,,,,,,,,,,,,,,,,,,,,,,,,,,,,,,,,,,,,,,,,
		GainOnSaleOfPPE,"0",,,,,"0","0","0","0","3,700,000","1,000,000","28,100,000","3,800,000","2,200,000","21,500,000","23,900,000",,,,,,,,,,,,,,,,,,,,,,,,,,,,,,,,,,,,,,,,,,,,,,,,,,,,,,,,,,,,,,,,,,,,,
	OtherNonOperatingIncomeExpenses,"-8,600,000","-6,300,000","400,000","-2,800,000","100,000","-16,400,000","3,500,000","-1,000,000","2,100,000","-7,600,000","3,500,000","-1,000,000","-2,000,000","-900,000","-2,100,000","-700,000","-4,400,000","2,700,000",,"-1,900,000","-1,400,000","-200,000","2,100,000","2,100,000","3,700,000","-1,700,000","-900,000","-1,200,000","-600,000","-500,000","-1,400,000","4,100,000","900,000","2,400,000",,,,,,,,,,,,,,,,,,,,,,,,,,,,,,,,,,,,,,,,,,,,,,,,,,,
PretaxIncome,"176,600,000","120,500,000","78,100,000","-100,000","-21,900,000","82,700,000","-84,600,000","126,200,000","152,300,000","188,700,000","216,000,000","193,400,000","156,900,000","121,000,000","168,300,000","143,200,000","115,000,000","18,200,000","87,300,000","33,400,000","41,700,000","40,700,000","56,800,000","59,100,000","63,200,000","6,000,000","48,300,000","72,800,000","64,800,000","52,100,000","57,000,000","46,100,000","25,700,000","-141,300,000","19,900,000","15,400,000","33,100,000","-39,500,000","-31,700,000","45,000,000","76,300,000","64,600,000","93,000,000","83,000,000","65,100,000","68,000,000","32,500,000","-3,200,000","-26,300,000","-503,700,000","66,100,000","26,800,000","21,600,000","64,200,000","66,900,000","65,000,000","55,200,000","85,800,000","77,300,000","70,200,000","42,900,000","42,500,000","27,000,000","21,500,000","17,600,000","-84,300,000","17,700,000","-1,500,000","-44,900,000","-40,700,000","-13,700,000","56,300,000","-28,600,000","-40,800,000","-17,500,000","-22,000,000","-46,300,000","-82,300,000",,,"-65,700,000","28,200,000","45,900,000","25,600,000","41,200,000"
TaxProvision,"-59,800,000","30,700,000","-83,100,000","800,000","-8,200,000","25,800,000","-24,600,000","23,300,000","38,200,000","22,700,000","48,900,000","37,100,000","16,400,000","-410,000,000","59,400,000","48,800,000","36,300,000","-93,500,000","76,700,000","7,600,000","5,300,000","-14,300,000","10,000,000","7,700,000","7,400,000","3,500,000","6,300,000","-16,200,000","6,200,000","22,900,000","4,200,000","-2,600,000","2,400,000","-4,400,000","6,500,000","7,200,000","4,100,000","1,600,000","17,300,000","3,200,000","800,000","3,400,000","4,600,000","3,400,000","1,400,000","-400,000","1,900,000","-1,000,000","7,200,000","2,100,000","4,500,000","-17,100,000","1,100,000","3,300,000","2,400,000","1,400,000","600,000","-2,900,000",,"1,800,000","2,000,000","-4,800,000","2,500,000","2,000,000","1,800,000","2,600,000","1,600,000","1,600,000","1,600,000","1,400,000","1,800,000","2,300,000","2,000,000","-1,200,000","3,000,000","3,300,000","3,700,000","368,700,000",,,"-22,700,000","8,300,000","16,000,000","10,100,000","15,700,000"
NetIncomeCommonStockholders,"234,200,000","89,000,000","160,600,000","-1,400,000","-14,000,000","56,500,000","-60,700,000","101,800,000","114,100,000","165,600,000","166,900,000","155,300,000","139,600,000","529,900,000","108,700,000","93,900,000","78,200,000","110,900,000","10,100,000","25,100,000","36,000,000","54,100,000","46,300,000","50,700,000","55,100,000","1,700,000","41,600,000","88,000,000","58,400,000","28,700,000","51,800,000","47,700,000","22,600,000","-138,200,000","12,500,000","6,900,000","28,200,000","-42,500,000","-49,400,000","41,000,000","74,800,000","61,000,000","87,800,000","78,700,000","63,000,000","68,000,000","29,900,000","-3,000,000","-33,900,000","-506,700,000","61,200,000","44,600,000","20,800,000","61,100,000","63,800,000","63,300,000","54,000,000","87,400,000","76,800,000","67,500,000","40,400,000","20,800,000","17,600,000","13,500,000","10,400,000","-90,800,000","11,300,000","-5,800,000","-51,800,000","-45,400,000","-18,600,000","-59,700,000","-32,800,000","-41,800,000","-22,600,000","-33,900,000","-52,100,000","-451,400,000","-69,000,000","-152,200,000","-159,400,000","17,700,000","29,900,000","-4,200,000","18,900,000"
	NetIncome,"234,200,000","89,000,000","160,600,000","-1,400,000","-14,000,000","56,500,000","-60,700,000","101,800,000","114,100,000","165,600,000","166,900,000","155,300,000","139,600,000","529,900,000","108,700,000","93,900,000","78,200,000","110,900,000","10,100,000","25,100,000","36,000,000","54,100,000","46,300,000","50,700,000","55,100,000","1,700,000","41,600,000","88,000,000","58,400,000","28,700,000","51,800,000","47,700,000","22,600,000","-138,200,000","12,500,000","6,900,000","28,200,000","-42,500,000","-49,400,000","41,000,000","74,800,000","61,000,000","87,800,000","78,700,000","63,000,000","68,000,000","29,900,000","-3,000,000","-33,900,000","-506,700,000","61,200,000","44,600,000","20,800,000","61,100,000","63,800,000","63,300,000","54,000,000","87,400,000","76,800,000","67,500,000","40,400,000","43,800,000","23,500,000","18,500,000","14,800,000","-86,700,000","13,800,000","-3,500,000","-47,600,000","-42,400,000","-16,300,000","-57,500,000","-30,600,000","-39,600,000","-20,500,000","-31,800,000","-50,000,000","-451,400,000","-69,000,000","-152,200,000","-159,400,000","17,700,000","29,900,000","-2,000,000","25,500,000"
		NetIncomeIncludingNoncontrollingInterests,"236,400,000","89,800,000","161,200,000","-900,000","-13,700,000","56,900,000","-60,000,000","102,900,000","114,100,000","166,000,000","167,100,000","156,300,000","140,500,000","531,000,000","108,900,000","94,400,000","78,700,000","111,700,000","10,600,000","25,800,000","36,400,000","55,000,000","46,800,000","51,400,000","55,800,000","2,500,000","42,000,000","89,000,000","58,600,000","29,200,000","52,800,000","48,700,000","23,300,000","-136,900,000","13,400,000","8,200,000","29,000,000","-41,100,000","-49,000,000","41,800,000","75,500,000","61,200,000","88,400,000","79,600,000","63,700,000","68,400,000","30,600,000","-2,200,000","-33,500,000","-505,800,000","61,600,000","43,900,000","20,500,000","60,900,000","64,500,000","63,600,000","54,600,000","88,700,000","77,300,000","68,400,000","40,900,000","44,400,000","24,500,000","19,500,000","15,800,000","-85,300,000","14,200,000","-3,100,000","-46,500,000","-42,100,000","-15,500,000","-58,600,000","-30,300,000","-39,300,000","-20,600,000","-31,800,000","-50,200,000","-452,500,000","-70,000,000","-152,200,000","-159,900,000","18,000,000","30,600,000","-1,500,000","26,200,000"
			NetIncomeContinuousOperations,"236,400,000","89,800,000","161,200,000","-900,000","-13,700,000","56,900,000","-60,000,000","102,900,000","114,100,000","166,000,000","167,100,000","156,300,000","140,500,000","531,000,000","108,900,000","94,400,000","78,700,000","111,700,000","10,600,000","25,800,000","36,400,000","55,000,000","46,800,000","51,400,000","55,800,000","2,500,000","42,000,000","89,000,000","58,600,000","29,200,000","52,800,000","48,700,000","23,300,000","-136,900,000","13,400,000","8,200,000","29,000,000","-41,100,000","-49,000,000","41,800,000","75,500,000","61,200,000","88,400,000","79,600,000","63,700,000","68,400,000","30,600,000","-2,200,000","-33,500,000","-506,400,000","61,200,000","44,600,000","20,800,000","61,100,000","63,800,000","63,300,000","54,000,000","87,400,000","76,800,000","67,500,000","40,400,000","46,700,000","23,500,000","18,500,000","14,800,000","-88,300,000","15,700,000","-3,500,000","-47,600,000","-42,400,000","-16,300,000","-57,500,000","-30,600,000","-39,600,000","-20,500,000","-25,300,000","-50,000,000","-451,000,000","-69,000,000","-152,200,000","-43,000,000","19,900,000","29,900,000","15,500,000","25,500,000"
			NetIncomeExtraordinary,,,,,,,,,,,,,,,,,,,,,,,,,,,,,,,,,,,,,,,,,,,,,,,,,,,,,,,,,,,,,,,,,,,,,,"0",,,,,,,,"-400,000",,,"-116,400,000",,,,
			NetIncomeFromTaxLossCarryforward,,,,,,,,,,,,,,,,,,,,,,,,,,,,,,,,,,,,,,,,,,,,,,,,,,,,,,,,,,,,,,,,,,,"-1,900,000",,,,,,,"0",,"-6,500,000",,,,,,,,"-17,500,000",
		MinorityInterests,"-2,200,000","-800,000","-600,000","-500,000","-300,000","-400,000","-700,000","-1,100,000","0","-400,000","-200,000","-1,000,000","-900,000","-1,100,000","-200,000","-500,000","-500,000","-800,000","-500,000","-700,000","-400,000","-900,000","-500,000","-700,000","-700,000","-800,000","-400,000","-1,000,000","-200,000","-500,000","-1,000,000","-1,000,000","-700,000","-1,300,000","-900,000","-1,300,000","-800,000","-1,400,000","-400,000","-800,000","-700,000","-200,000","-600,000","-900,000","-700,000","-400,000","-700,000","-800,000","-400,000","-900,000","-400,000","700,000","300,000","200,000","-700,000","-300,000","-600,000","-1,300,000","-500,000","-900,000","-500,000","-600,000","-1,000,000","-1,000,000","-1,000,000","-1,400,000","-400,000","-400,000","-1,100,000","-300,000","-800,000","1,100,000","-300,000",,"100,000",,"200,000","1,100,000","1,000,000",,"500,000","-300,000","-700,000","-500,000","-700,000"
	PreferredStockDividends,,,,,,,,,,,,,,,,,,,,,,,,,,,,,,,,,,,,,,,,,,,,,,,,,,,,,,,,,,,,,,"23,000,000","5,900,000","5,000,000","4,400,000","4,100,000","2,500,000","2,300,000","4,200,000","3,000,000","2,300,000","2,200,000","2,200,000","2,200,000","2,100,000","2,100,000","2,100,000",,,,,"0",,"2,200,000","6,600,000"
DilutedNIAvailtoComStockholders,"234,200,000","89,000,000","160,600,000","-1,400,000","-14,000,000","56,500,000","-60,700,000","101,800,000","114,100,000","165,600,000","166,900,000","155,300,000","139,600,000","529,900,000","108,700,000","93,900,000","78,200,000","110,900,000","10,100,000","25,100,000","36,000,000","54,100,000","46,300,000","50,700,000","55,100,000","1,700,000","41,600,000","88,000,000","58,400,000","28,700,000","51,800,000","47,700,000","22,600,000","-138,200,000","12,500,000","6,900,000","28,200,000","-42,500,000","-49,400,000","41,000,000","74,800,000","61,000,000","87,800,000","78,700,000","63,000,000","68,000,000","29,900,000","-3,000,000","-33,900,000","-506,700,000","61,200,000","44,600,000","20,800,000","61,100,000","63,800,000","63,300,000","54,000,000","87,400,000","76,800,000","67,500,000","40,400,000","20,800,000","17,600,000","13,500,000","10,400,000","-90,800,000","11,300,000","-5,800,000","-51,800,000","-45,400,000","-18,600,000","-59,700,000","-32,800,000","-41,800,000","-22,600,000","-33,900,000","-52,100,000","-451,400,000","-69,000,000","-152,200,000","-159,400,000","17,700,000","29,900,000","-4,200,000","18,900,000"
BasicEPS,,,"0.39","-0.003","-0.03","0.14","-0.15","0.25","0.28","0.4","0.39","0.36","0.33","1.25","0.26","0.22","0.19","0.27","0.02","0.06","0.09","0.13","0.11","0.12","0.13","0.01","0.09","0.2","0.13","0.09","0.12","0.11","0.05","-0.31","0.03","0.02","0.06",,"-0.11","0.09","0.17",,"0.2","0.18","0.15",,"0.07","-0.01","-0.08",,"0.15","0.11","0.07",,"0.22","0.22","0.19",,"0.24","0.21","0.13",,"0.07","0.05","0.04",,"0.04","-0.02","-0.23",,"-0.1","-0.34","-0.19",,"-0.13","-0.19","-0.3",,"-0.47","-0.88","-0.92",,"0.17","-0.03","0.14"
DilutedEPS,,,"0.38","-0.003","-0.03","0.14","-0.15","0.24","0.27","0.39","0.38","0.35","0.31","1.22","0.25","0.22","0.18","0.26","0.02","0.06","0.09","0.13","0.11","0.12","0.13","0.01","0.09","0.2","0.13","0.09","0.11","0.11","0.05","-0.31","0.03","0.02","0.06",,"-0.11","0.09","0.16",,"0.2","0.18","0.14",,"0.07","-0.01","-0.08",,"0.15","0.11","0.07",,"0.2","0.21","0.18",,"0.23","0.19","0.12",,"0.06","0.05","0.04",,"0.04","-0.02","-0.23",,"-0.1","-0.34","-0.19",,"-0.13","-0.19","-0.3",,"-0.47","-0.88","-0.92",,"0.17","-0.03","0.13"
BasicAverageShares,,,"410,800,000","410,100,000","410,600,000","410,800,000","410,400,000","411,900,000","410,600,000","416,900,000","425,500,000","427,000,000","425,900,000","424,300,000","422,200,000","420,800,000","419,800,000","417,300,000","415,800,000","414,900,000","412,600,000","412,500,000","413,700,000","426,900,000","431,400,000","435,900,000","440,700,000","441,100,000","440,400,000","442,500,000","449,300,000","450,700,000","449,500,000","448,600,000","454,600,000","454,500,000","452,500,000",,"448,800,000","446,200,000","441,400,000",,"431,600,000","430,300,000","428,100,000",,"423,300,000","420,700,000","413,600,000",,"398,900,000","397,200,000","306,800,000",,"290,600,000","290,900,000","289,500,000",,"324,900,000","322,800,000","311,800,000",,"256,100,000","255,300,000","255,000,000",,"253,900,000","253,300,000","229,500,000",,"179,500,000","176,800,000","176,400,000",,"175,800,000","175,500,000","174,800,000",,"173,900,000","173,500,000","172,800,000",,"171,700,000","160,000,000","136,700,000"
DilutedAverageShares,,,"418,300,000","410,100,000","410,600,000","418,200,000","410,400,000","417,700,000","417,700,000","420,000,000","435,300,000","444,300,000","444,200,000","433,300,000","427,500,000","425,900,000","425,800,000","426,900,000","419,800,000","417,600,000","415,500,000","416,900,000","417,500,000","436,300,000","439,900,000","440,200,000","444,900,000","444,500,000","444,500,000","445,200,000","452,100,000","453,300,000","452,500,000","448,600,000","456,200,000","457,500,000","460,600,000",,"448,800,000","461,500,000","456,000,000",,"439,800,000","439,600,000","440,900,000",,"439,100,000","420,700,000","413,600,000",,"404,800,000","405,800,000","309,300,000",,"317,800,000","306,500,000","300,600,000",,"336,600,000","355,700,000","346,400,000",,"290,700,000","287,800,000","287,800,000",,"259,400,000","253,300,000","229,500,000",,"179,500,000","176,800,000","176,400,000",,"175,800,000","175,500,000","174,800,000",,"173,900,000","173,500,000","172,800,000",,"177,100,000","165,900,000","142,400,000"
TotalOperatingIncomeAsReported,"348,700,000","168,000,000","119,000,000","43,100,000","18,600,000","138,900,000","-43,900,000","158,300,000","179,400,000","222,700,000","241,600,000","197,200,000","185,700,000","166,000,000","177,300,000","154,200,000","183,400,000","55,700,000","46,700,000","75,300,000","58,400,000","55,500,000","69,400,000","67,800,000","68,400,000","16,300,000","57,600,000","81,700,000","73,300,000","62,300,000","67,300,000","50,900,000","37,700,000","-131,400,000","44,600,000","26,900,000","43,600,000","30,500,000","-6,700,000","56,900,000","32,700,000","80,800,000","107,700,000","101,500,000","84,200,000","83,800,000","49,700,000","13,700,000","-4,600,000","-503,700,000","73,600,000","33,400,000","30,800,000","69,800,000","73,200,000","71,500,000","62,700,000","95,200,000","88,200,000","80,700,000","52,900,000","56,800,000","42,200,000","36,300,000","32,300,000","34,600,000","43,500,000","48,100,000","23,700,000","-5,000,000","27,000,000","-17,800,000","11,400,000","-3,500,000","19,400,000","11,800,000","-13,000,000","-44,000,000","-37,000,000","-124,000,000","-40,700,000","57,000,000","76,400,000","57,500,000","76,800,000"
TotalExpenses,"4,839,800,000","1,271,100,000","1,189,300,000","1,152,900,000","1,226,500,000","1,262,300,000","1,251,800,000","1,170,900,000","1,200,400,000","1,280,600,000","1,295,700,000","1,252,200,000","1,191,500,000","1,201,400,000","1,202,400,000","1,176,100,000","1,248,400,000","1,200,800,000","882,400,000","795,100,000","757,100,000","780,000,000","831,400,000","805,500,000","804,700,000","827,800,000","765,800,000","671,800,000","627,400,000","633,600,000","637,100,000","631,300,000","629,300,000","654,100,000","669,700,000","683,300,000","689,300,000","717,600,000","839,300,000","843,800,000","825,500,000","478,800,000","492,100,000","479,500,000","462,200,000","414,000,000","415,300,000","398,000,000","374,100,000","434,800,000","505,400,000","515,100,000","367,600,000","337,100,000","327,700,000","309,700,000","311,500,000","316,600,000","332,700,000","291,300,000","281,100,000","285,800,000","271,200,000","263,700,000","269,000,000","266,600,000","274,900,000","284,500,000","271,400,000","253,700,000","241,100,000","239,400,000","255,100,000","251,700,000","252,600,000","262,800,000","275,000,000","294,200,000","313,000,000","338,900,000","363,200,000","436,400,000","466,800,000","466,100,000","405,200,000"
NetIncomeFromContinuingAndDiscontinuedOperation,"234,200,000","89,000,000","160,600,000","-1,400,000","-14,000,000","56,500,000","-60,700,000","101,800,000","114,100,000","165,600,000","166,900,000","155,300,000","139,600,000","529,900,000","108,700,000","93,900,000","78,200,000","110,900,000","10,100,000","25,100,000","36,000,000","54,100,000","46,300,000","50,700,000","55,100,000","1,700,000","41,600,000","88,000,000","58,400,000","28,700,000","51,800,000","47,700,000","22,600,000","-138,200,000","12,500,000","6,900,000","28,200,000","-42,500,000","-49,400,000","41,000,000","74,800,000","61,000,000","87,800,000","78,700,000","63,000,000","68,000,000","29,900,000","-3,000,000","-33,900,000","-506,700,000","61,200,000","44,600,000","20,800,000","61,100,000","63,800,000","63,300,000","54,000,000","87,400,000","76,800,000","67,500,000","40,400,000","46,700,000","23,500,000","18,500,000","14,800,000","-88,300,000","15,700,000","-3,500,000","-47,600,000","-42,400,000","-16,300,000","-57,500,000","-30,600,000","-39,600,000","-20,500,000","-25,300,000","-50,000,000","-451,000,000","-69,000,000","-152,200,000","-43,000,000","17,700,000","29,900,000","15,500,000","25,500,000"
NormalizedIncome,"282,745,000","94,365,643.154","167,170,000","11,375,000","6,518,721.461","56,912,817.412","66,707,300","117,203,500","119,193,200","162,169,157.393","169,686,400","137,362,400","136,555,385.596","543,220,000","98,283,300","83,224,200","99,472,400","113,600,000","-28,360,000","30,812,800","37,484,100","56,980,000","49,101,600","57,312,000","53,069,100","14,765,000","50,387,000","90,665,000","63,643,200","43,065,000","61,986,000","51,665,000","19,969,700","17,689,667.374","27,709,800","27,895,000","34,156,800","5,405,000","-1,430,000","40,442,666.667","26,610,615.99","86,105,263.158","88,655,483.871","84,837,831.325","69,458,064.516","67,870,000","38,750,461.538","3,531,250","-24,800,000","-159,990,000","69,400,907.716","53,050,000","44,906,481.481","61,764,018.692","65,535,426.009","63,300,000","54,593,478.261","81,820,000","77,220,000","70,910,256.41","39,446,620.047","46,580,000","24,407,407.407","21,583,720.93","16,685,227.273","-25,900,000","19,702,259.887","12,880,000","-18,920,000","-23,680,000","-16,540,000","-24,313,499.112","-28,500,000","-22,614,705.882","-20,500,000","-23,440,000","-45,740,000","-441,220,000","-69,000,000","-94,720,000","-18,129,375.951","17,700,000","29,900,000","31,787,109.375","28,470,873.786"
InterestIncome,"4,900,000","600,000","900,000","1,500,000","1,900,000","2,400,000","2,300,000","3,000,000","2,500,000","2,800,000","1,300,000","1,100,000","900,000","1,200,000","700,000","500,000","600,000","700,000","1,400,000","2,100,000","300,000","300,000","200,000","300,000","300,000","900,000","200,000","200,000","200,000","300,000","300,000","400,000","300,000","400,000","300,000","300,000","500,000","300,000","300,000","200,000","300,000","100,000","200,000","100,000","100,000","100,000","100,000","200,000","400,000",,,,,,,,,,,,,,,,,,,,,,,,,,,,,,,,,,,,
InterestExpense,"168,400,000","41,800,000","42,200,000","41,900,000","42,500,000","42,200,000","40,700,000","33,700,000","31,700,000","32,900,000","31,200,000","32,600,000","31,500,000","33,200,000","34,900,000","34,700,000","38,400,000","40,900,000","46,700,000","42,100,000","15,600,000","14,900,000","14,900,000","10,700,000","9,200,000","9,500,000","8,600,000","7,900,000","8,100,000","10,000,000","9,200,000","9,300,000","10,100,000","12,700,000","13,600,000","14,100,000","15,700,000","16,400,000","16,900,000","17,800,000","17,800,000","16,400,000","14,100,000","14,500,000","16,400,000","15,400,000","15,800,000","15,700,000","17,700,000",,,,,,,,,,,,,,,,,,,,,,,,,,,,,,,,,,,,
NetInterestIncome,"-163,500,000","-41,200,000","-41,300,000","-40,400,000","-40,600,000","-39,800,000","-38,400,000","-30,700,000","-29,200,000","-30,100,000","-29,900,000","-31,500,000","-30,600,000","-32,000,000","-34,200,000","-34,200,000","-37,800,000","-40,200,000","-45,300,000","-40,000,000","-15,300,000","-14,600,000","-14,700,000","-10,400,000","-8,900,000","-8,600,000","-8,400,000","-7,700,000","-7,900,000","-9,700,000","-8,900,000","-8,900,000","-9,800,000","-12,300,000","-13,300,000","-13,800,000","-15,200,000","-16,100,000","-16,600,000","-17,600,000","-17,500,000","-16,300,000","-13,900,000","-14,400,000","-16,300,000","-15,300,000","-15,700,000","-15,500,000","-17,300,000",,,,,,,,,,,,,,,,,,,,,,,,,,,,,,,,,,,,
EBIT,"345,000,000","162,300,000","120,300,000","41,800,000","20,600,000","124,900,000","-43,900,000","159,900,000","184,000,000","221,600,000","247,200,000","226,000,000","188,400,000","154,200,000","203,200,000","177,900,000","153,400,000","59,100,000","134,000,000","75,500,000","57,300,000","55,600,000","71,700,000","69,800,000","72,400,000","15,500,000","56,900,000","80,700,000","72,900,000","62,100,000","66,200,000","55,400,000","35,800,000","-128,600,000","33,500,000","29,500,000","48,800,000","-23,100,000","-14,800,000","62,800,000","94,100,000","81,000,000","107,100,000","97,500,000","81,500,000","83,400,000","48,300,000","12,500,000","-8,600,000","-528,900,000","76,100,000","47,600,000","54,300,000","70,800,000","75,200,000","71,500,000","62,700,000","85,000,000","88,200,000","84,000,000","52,900,000","56,000,000","42,400,000","39,100,000","33,400,000","40,200,000","43,500,000","49,000,000","36,800,000","24,900,000","23,700,000","16,800,000","11,400,000","14,000,000","19,400,000","14,900,000","-5,900,000","-27,600,000","-36,000,000","-28,200,000","-2,700,000","29,700,000","76,400,000","84,400,000","81,600,000"
EBITDA,"970,100,000"
ReconciledCostOfRevenue,"3,034,400,000","824,200,000","749,500,000","714,400,000","746,300,000","786,200,000","785,200,000","732,200,000","762,800,000","825,600,000","846,000,000","803,300,000","767,700,000","768,700,000","776,300,000","758,000,000","848,200,000","789,400,000","562,800,000","513,800,000","484,700,000","505,200,000","540,100,000","521,300,000","514,100,000","529,600,000","498,300,000","437,100,000","411,500,000","418,100,000","421,500,000","412,400,000","413,600,000","420,000,000","437,300,000","437,300,000","449,200,000","477,100,000","590,600,000","594,000,000","585,100,000","305,000,000","319,700,000","307,300,000","290,200,000","271,700,000","265,500,000","249,900,000","234,500,000","303,000,000","359,900,000","339,100,000","248,800,000","255,600,000","247,300,000","235,200,000","237,600,000","243,900,000","260,500,000","222,100,000","216,300,000","222,100,000","209,500,000","204,300,000","206,200,000","208,200,000","215,400,000","221,100,000","212,300,000","170,500,000","190,700,000","142,700,000","165,000,000","159,700,000","126,100,000","205,300,000","178,300,000","195,800,000","202,100,000","216,900,000","235,900,000","293,500,000","311,800,000","320,000,000","323,400,000"
ReconciledDepreciation,"625,100,000","153,800,000","156,200,000","153,900,000","161,200,000","162,000,000","151,300,000","144,000,000","135,800,000","136,200,000","127,100,000","125,500,000","119,900,000","123,400,000","127,700,000","116,500,000","114,300,000","120,000,000","83,800,000","79,600,000","80,700,000","89,800,000","89,200,000","88,400,000","90,200,000","84,000,000","74,500,000","57,900,000","52,400,000","55,300,000","52,900,000","52,300,000","51,300,000","60,900,000","61,300,000","60,300,000","61,100,000","62,600,000","56,900,000","57,100,000","52,800,000","44,500,000","42,400,000","40,300,000","39,700,000","38,000,000","38,900,000","39,000,000","39,700,000","38,500,000","36,000,000","38,700,000","28,900,000","26,200,000","23,800,000","23,700,000","23,200,000","22,200,000","20,000,000","17,900,000","24,100,000","24,500,000","25,400,000","25,200,000","25,600,000","27,300,000","27,300,000","26,600,000","28,200,000","29,000,000","30,300,000","43,000,000","34,200,000","35,600,000","70,900,000","-600,000","35,600,000","39,800,000","43,900,000","44,300,000","43,800,000","37,100,000","42,800,000","43,200,000","35,800,000"
NetIncomeFromContinuingOperationNetMinorityInterest,"234,200,000","89,000,000","160,600,000","-1,400,000","-14,000,000","56,500,000","-60,700,000","101,800,000","114,100,000","165,600,000","166,900,000","155,300,000","139,600,000","529,900,000","108,700,000","93,900,000","78,200,000","110,900,000","10,100,000","25,100,000","36,000,000","54,100,000","46,300,000","50,700,000","55,100,000","1,700,000","41,600,000","88,000,000","58,400,000","28,700,000","51,800,000","47,700,000","22,600,000","-138,200,000","12,500,000","6,900,000","28,200,000","-42,500,000","-49,400,000","41,000,000","74,800,000","61,000,000","87,800,000","78,700,000","63,000,000","68,000,000","29,900,000","-3,000,000","-33,900,000","-506,700,000","61,200,000","44,600,000","20,800,000","61,100,000","63,800,000","63,300,000","54,000,000","87,400,000","76,800,000","67,500,000","40,400,000","46,700,000","23,500,000","18,500,000","14,800,000","-88,300,000","15,700,000","-3,500,000","-47,600,000","-42,400,000","-16,300,000","-57,500,000","-30,600,000","-39,600,000","-20,500,000","-25,300,000","-50,000,000","-451,000,000","-69,000,000","-152,200,000","-43,000,000","17,700,000","29,900,000","15,500,000","25,500,000"
TotalUnusualItemsExcludingGoodwill,"-66,500,000","-7,200,000","-9,000,000","-17,500,000","-32,800,000","-600,000","-179,700,000","-18,900,000","-6,800,000","3,900,000","-3,600,000","22,200,000","3,400,000","-22,200,000","16,100,000","16,200,000","-31,100,000","-4,500,000","64,100,000","-7,400,000","-1,700,000","-4,800,000","-3,400,000","-7,600,000","2,300,000","-20,100,000","-10,100,000","-4,100,000","-5,800,000","-22,100,000","-11,000,000","-6,100,000","2,900,000","-160,900,000","-22,600,000","-32,300,000","-6,800,000","-73,700,000","-73,800,000","600,000","48,700,000","-26,500,000","-900,000","-6,400,000","-6,600,000","200,000","-9,400,000","-9,500,000","-14,000,000","-533,400,000","-8,800,000","-13,000,000","-25,400,000","-700,000","-1,800,000",,"-600,000","9,300,000","-700,000","-3,500,000","1,000,000","200,000","-1,000,000","-3,400,000","-2,100,000","-104,000,000","-4,400,000","-27,300,000","-47,800,000","-31,200,000","400,000","-34,600,000","-3,500,000","-17,500,000",,"-3,100,000","-7,100,000","-16,300,000",,"-95,800,000","-38,000,000","0",,"-26,900,000","-4,800,000"
TotalUnusualItems,"-66,500,000","-7,200,000","-9,000,000","-17,500,000","-32,800,000","-600,000","-179,700,000","-18,900,000","-6,800,000","3,900,000","-3,600,000","22,200,000","3,400,000","-22,200,000","16,100,000","16,200,000","-31,100,000","-4,500,000","64,100,000","-7,400,000","-1,700,000","-4,800,000","-3,400,000","-7,600,000","2,300,000","-20,100,000","-10,100,000","-4,100,000","-5,800,000","-22,100,000","-11,000,000","-6,100,000","2,900,000","-160,900,000","-22,600,000","-32,300,000","-6,800,000","-73,700,000","-73,800,000","600,000","48,700,000","-26,500,000","-900,000","-6,400,000","-6,600,000","200,000","-9,400,000","-9,500,000","-14,000,000","-533,400,000","-8,800,000","-13,000,000","-25,400,000","-700,000","-1,800,000",,"-600,000","9,300,000","-700,000","-3,500,000","1,000,000","200,000","-1,000,000","-3,400,000","-2,100,000","-104,000,000","-4,400,000","-27,300,000","-47,800,000","-31,200,000","400,000","-34,600,000","-3,500,000","-17,500,000",,"-3,100,000","-7,100,000","-16,300,000",,"-95,800,000","-38,000,000","0",,"-26,900,000","-4,800,000"
NormalizedEBITDA,"1,036,600,000","323,300,000","285,500,000","213,200,000","214,600,000","287,500,000","287,100,000","322,800,000","326,600,000","353,900,000","377,900,000","329,300,000","304,900,000","299,800,000","314,800,000","278,200,000","298,800,000","183,600,000","153,700,000","162,500,000","139,700,000","150,200,000","164,300,000","165,800,000","160,300,000","119,600,000","141,500,000","142,700,000","131,100,000","139,500,000","130,100,000","113,800,000","84,200,000","93,200,000","117,400,000","122,100,000","116,700,000","113,200,000","115,900,000","119,300,000","98,200,000","152,000,000","150,400,000","144,200,000","127,800,000","121,200,000","96,600,000","61,000,000","45,100,000","43,000,000","120,900,000","99,300,000","108,600,000","97,700,000","100,800,000","95,200,000","86,500,000","97,900,000","108,900,000","105,400,000","76,000,000","80,300,000","68,800,000","67,700,000","61,100,000","171,500,000","75,200,000","102,900,000","112,800,000","85,100,000","53,600,000","94,400,000","49,100,000","67,100,000","90,300,000","21,000,000","36,800,000","28,500,000","7,900,000","111,900,000","79,100,000","66,800,000","119,200,000","154,500,000","122,200,000"
TaxRateForCalcs,"0.27","0.255","0.27","0.27","0.374","0.312","0.291","0.185","0.251","0.12","0.226","0.192","0.105","0.4","0.353","0.341","0.316","0.4","0.4","0.228","0.127","0.4","0.176","0.13","0.117","0.35","0.13","0.35","0.096","0.35","0.074","0.35","0.093","0.031","0.327","0.35","0.124","0.35","0.35","0.071","0.01","0.053","0.049","0.041","0.022","0.35","0.058","0.313","0.35","0.35","0.068","0.35","0.051","0.051","0.036","0.022","0.011","0.4","0.4","0.026","0.047","0.4","0.093","0.093","0.102","0.4","0.09","0.4","0.4","0.4","0.4","0.041","0.4","0.029","0.4","0.4","0.4","0.4","0.4","0.4","0.346","0.294","0.349","0.395","0.381"
TaxEffectOfUnusualItems,"-17,955,000","-1,834,356.846","-2,430,000","-4,725,000","-12,281,278.539","-187,182.588","-52,292,700","-3,496,500","-1,706,800","469,157.393","-813,600","4,262,400","355,385.596","-8,880,000","5,683,300","5,524,200","-9,827,600","-1,800,000","25,640,000","-1,687,200","-215,900","-1,920,000","-598,400","-988,000","269,100","-7,035,000","-1,313,000","-1,435,000","-556,800","-7,735,000","-814,000","-2,135,000","269,700","-5,010,332.626","-7,390,200","-11,305,000","-843,200","-25,795,000","-25,830,000","42,666.667","510,615.99","-1,394,736.842","-44,516.129","-262,168.675","-141,935.484","70,000","-549,538.462","-2,968,750","-4,900,000","-186,690,000","-599,092.284","-4,550,000","-1,293,518.519","-35,981.308","-64,573.991","0","-6,521.739","3,720,000","-280,000","-89,743.59","46,620.047","80,000","-92,592.593","-316,279.07","-214,772.727","-41,600,000","-397,740.113","-10,920,000","-19,120,000","-12,480,000","160,000","-1,413,499.112","-1,400,000","-514,705.882","0","-1,240,000","-2,840,000","-6,520,000","0","-38,320,000","-13,129,375.951","0","0","-10,612,890.625","-1,829,126.214"