name,ttm,12/31/2020,09/30/2020,06/30/2020,03/31/2020,12/31/2019,09/30/2019,06/30/2019,03/31/2019,12/31/2018,09/30/2018,06/30/2018,03/31/2018,12/31/2017,09/30/2017,06/30/2017,03/31/2017,12/31/2016,09/30/2016,06/30/2016,03/31/2016,12/31/2015,09/30/2015,06/30/2015,03/31/2015,12/31/2014,09/30/2014,06/30/2014,03/31/2014,12/31/2013,09/30/2013,06/30/2013,03/31/2013,12/31/2012,09/30/2012,06/30/2012,03/31/2012,12/31/2011,09/30/2011,06/30/2011,03/31/2011,12/31/2010,09/30/2010,06/30/2010,03/31/2010,12/31/2009,09/30/2009,06/30/2009,03/31/2009,12/31/2008,09/30/2008,06/30/2008,03/31/2008,12/31/2007,09/30/2007,06/30/2007,03/31/2007,12/31/2006,09/30/2006,06/30/2006,03/31/2006,12/31/2005,09/30/2005,06/30/2005,03/31/2005,12/31/2004,09/30/2004,06/30/2004,03/31/2004,12/31/2003,09/30/2003,06/30/2003,03/31/2003,12/31/2002,09/30/2002,06/30/2002,03/31/2002,12/31/2001,09/30/2001,06/30/2001,03/31/2001,12/31/2000,09/30/2000,06/30/2000,03/31/2000,12/31/1999,09/30/1999,06/30/1999,03/31/1999,12/31/1998,09/30/1998,06/30/1998,03/31/1998,12/31/1997,09/30/1997,06/30/1997,03/31/1997,12/31/1996,09/30/1996,06/30/1996,03/31/1996,12/31/1995,09/30/1995,06/30/1995,03/31/1995,12/31/1994,09/30/1994,06/30/1994,03/31/1994,12/31/1993,09/30/1993,06/30/1993,03/31/1993,12/31/1992,09/30/1992,06/30/1992,03/31/1992,12/31/1991,09/30/1991,06/30/1991,03/31/1991,12/31/1990,09/30/1990,06/30/1990,03/31/1990,12/31/1989
TotalRevenue,"26,689,000,000","8,235,000,000","8,346,000,000","4,893,000,000","5,216,000,000","5,077,000,000","4,814,000,000","9,635,000,000","4,982,000,000","4,842,000,000","5,804,000,000","5,599,000,000","5,261,000,000","6,068,000,000","5,904,000,000","5,371,000,000","5,016,000,000","5,999,000,000","6,184,000,000","6,044,000,000","5,551,000,000","5,775,000,000","5,456,000,000","5,832,000,000","6,894,000,000","7,099,000,000","6,692,000,000","6,806,000,000","6,367,000,000","6,622,000,000","6,481,000,000","6,243,000,000","6,124,000,000","6,018,000,000","4,870,000,000","4,626,000,000","4,943,000,000","4,681,000,000","4,117,000,000","3,623,000,000","3,875,000,000","3,348,000,000","2,952,000,000","2,706,000,000","2,663,000,000","2,670,000,000","2,690,000,000","2,753,000,000","2,455,000,000","2,517,000,000","3,334,000,000","2,762,000,000","2,606,000,000","2,440,000,000","2,306,000,000","2,325,000,000","2,221,000,000","2,019,000,000","1,999,000,000","1,951,000,000","1,834,000,000","1,741,000,000","1,561,000,000","1,358,000,000","1,365,000,000","1,390,000,000","1,117,252,000","1,340,526,000","1,215,648,000","1,242,097,000","908,816,000","921,608,000","1,043,043,000","1,097,169,000","873,886,000","770,917,000","696,115,000","698,642,000","642,483,000","640,027,000","713,255,000","684,021,000","635,445,000","713,521,000","727,741,000","1,120,073,000","1,059,615,000","1,004,066,000","932,395,000","941,223,000","925,966,000","875,497,000","760,553,000","785,854,000","601,419,000","520,260,000","585,746,000","388,940,000","283,200,000","234,900,000","149,300,000","146,600,000","121,500,000","99,500,000","89,800,000","75,900,000","78,700,000","71,600,000","67,700,000","53,700,000","52,700,000","49,100,000","36,800,000","30,000,000","29,100,000","27,100,000","26,300,000","25,200,000","22,600,000","22,600,000","22,600,000","22,500,000","11,700,000","11,600,000","11,600,000","11,600,000"
	OperatingRevenue,"26,689,000,000","8,235,000,000","8,346,000,000","4,893,000,000","5,216,000,000","5,077,000,000","4,814,000,000","9,635,000,000","4,982,000,000","4,842,000,000","5,804,000,000","5,599,000,000","5,261,000,000","6,068,000,000","5,904,000,000","5,371,000,000","5,016,000,000","5,999,000,000","6,184,000,000","6,044,000,000","5,551,000,000","5,775,000,000","5,456,000,000","5,832,000,000","6,894,000,000","7,099,000,000","6,692,000,000","6,806,000,000","6,367,000,000","6,622,000,000","6,481,000,000","6,243,000,000","6,124,000,000","6,018,000,000","4,870,000,000","4,626,000,000","4,943,000,000","4,681,000,000","4,117,000,000","3,623,000,000","3,875,000,000","3,348,000,000","2,952,000,000","2,706,000,000","2,663,000,000","2,670,000,000","2,690,000,000","2,753,000,000","2,455,000,000","2,517,000,000","3,334,000,000","2,762,000,000","2,606,000,000","2,440,000,000","2,306,000,000","2,325,000,000","2,221,000,000","2,019,000,000","1,999,000,000","1,951,000,000","1,834,000,000","1,741,000,000","1,561,000,000","1,358,000,000","1,365,000,000","1,390,000,000","1,117,252,000","1,340,526,000","1,215,648,000","1,242,097,000","908,816,000","921,608,000","1,043,043,000","1,097,169,000","873,886,000","770,917,000","696,115,000","698,642,000","642,483,000","640,027,000","713,255,000","684,021,000","635,445,000","713,521,000","727,741,000","1,120,073,000","1,059,615,000","1,004,066,000","932,395,000","941,223,000","925,966,000","875,497,000","760,553,000","785,854,000","601,419,000","520,260,000","585,746,000","388,940,000","283,200,000","234,900,000","149,300,000","146,600,000","121,500,000","99,500,000","89,800,000","75,900,000","78,700,000","71,600,000","67,700,000","53,700,000","52,700,000","49,100,000","36,800,000","30,000,000","29,100,000","27,100,000","26,300,000","25,200,000","22,600,000","22,600,000","22,600,000","22,500,000","11,700,000","11,600,000","11,600,000","11,600,000"
CostOfRevenue,"10,631,000,000","3,489,000,000","2,766,000,000","2,080,000,000","2,297,000,000","2,113,000,000","2,118,000,000","2,114,000,000","2,179,000,000","2,188,000,000","2,850,000,000","2,491,000,000","2,239,000,000","2,663,000,000","2,652,000,000","2,488,000,000","2,208,000,000","2,443,000,000","2,539,000,000","2,534,000,000","2,141,000,000","2,534,000,000","2,252,000,000","2,451,000,000","2,628,000,000","3,047,000,000","2,757,000,000","2,740,000,000","2,482,000,000","2,706,000,000","2,714,000,000","2,497,000,000","2,372,000,000","2,237,000,000","1,841,000,000","1,719,000,000","1,783,000,000","1,754,000,000","1,497,000,000","1,278,000,000","1,363,000,000","1,130,000,000","988,000,000","905,000,000","809,000,000","816,000,000","824,000,000","864,000,000","738,000,000","755,000,000","921,000,000","889,000,000","820,000,000","783,000,000","725,000,000","688,000,000","634,000,000","634,000,000","586,000,000","559,000,000","521,000,000","517,000,000","441,000,000","389,000,000","386,000,000","430,000,000","409,946,000","369,189,000","335,135,000","408,531,000","333,216,000","326,902,000","381,928,000","388,001,000","312,087,000","288,162,000","291,914,000","245,197,000","252,815,000","232,870,000","253,497,000","295,921,000","233,026,000","274,952,000","350,396,000","648,748,000","621,240,000","597,667,000","623,775,000","642,390,000","620,772,000","624,680,000","534,332,000","553,615,000","420,179,000","355,423,000","455,194,000","287,210,000","175,700,000","145,300,000","85,300,000","85,200,000","59,900,000","46,000,000","43,100,000","33,700,000","38,200,000","35,000,000","37,100,000","26,600,000","25,500,000","25,700,000","21,900,000","17,600,000","13,600,000","13,800,000","16,300,000","13,800,000",,,,,,,,
GrossProfit,"16,058,000,000","4,746,000,000","5,580,000,000","2,813,000,000","2,919,000,000","2,964,000,000","2,696,000,000","7,521,000,000","2,803,000,000","2,654,000,000","2,954,000,000","3,108,000,000","3,022,000,000","3,405,000,000","3,252,000,000","2,883,000,000","2,808,000,000","3,556,000,000","3,645,000,000","3,510,000,000","3,410,000,000","3,241,000,000","3,204,000,000","3,381,000,000","4,266,000,000","4,052,000,000","3,935,000,000","4,066,000,000","3,885,000,000","3,916,000,000","3,767,000,000","3,746,000,000","3,752,000,000","3,781,000,000","3,029,000,000","2,907,000,000","3,160,000,000","2,927,000,000","2,620,000,000","2,345,000,000","2,512,000,000","2,218,000,000","1,964,000,000","1,801,000,000","1,854,000,000","1,854,000,000","1,866,000,000","1,889,000,000","1,717,000,000","1,762,000,000","2,413,000,000","1,873,000,000","1,786,000,000","1,657,000,000","1,581,000,000","1,637,000,000","1,587,000,000","1,385,000,000","1,413,000,000","1,392,000,000","1,313,000,000","1,224,000,000","1,120,000,000","969,000,000","979,000,000","960,000,000","707,306,000","971,337,000","880,513,000","833,566,000","575,600,000","594,706,000","661,115,000","709,168,000","561,799,000","482,755,000","404,201,000","453,445,000","389,668,000","407,157,000","459,758,000","388,100,000","402,419,000","438,569,000","377,345,000","471,325,000","438,375,000","406,399,000","308,620,000","298,833,000","305,194,000","250,817,000","226,221,000","232,239,000","181,240,000","164,837,000","130,552,000","101,730,000","107,500,000","89,600,000","64,000,000","61,400,000","61,600,000","53,500,000","46,700,000","42,200,000","40,500,000","36,600,000","30,600,000","27,100,000","27,200,000","23,400,000","14,900,000","12,400,000","15,500,000","13,300,000","10,000,000","11,400,000",,,,,,,,
OperatingExpense,"8,307,000,000","2,220,000,000","2,128,000,000","2,031,000,000","1,928,000,000","1,934,000,000","1,996,000,000","2,204,000,000","1,863,000,000","1,944,000,000","3,607,000,000","2,183,000,000","2,581,000,000","3,376,000,000","2,919,000,000","2,110,000,000","2,079,000,000","2,778,000,000","1,841,000,000","1,918,000,000","1,995,000,000","1,556,000,000","2,064,000,000","2,146,000,000","2,930,000,000","1,988,000,000","1,943,000,000","1,991,000,000","1,895,000,000","2,423,000,000","2,179,000,000","2,069,000,000","1,875,000,000","1,693,000,000","1,899,000,000","1,518,000,000","1,549,000,000","1,376,000,000","1,497,000,000","1,232,000,000","1,325,000,000","1,108,000,000","1,128,000,000","1,009,000,000","1,078,000,000","975,000,000","1,270,000,000","995,000,000","1,727,000,000","1,017,000,000","1,077,000,000","1,049,000,000","973,000,000","900,000,000","804,000,000","855,000,000","839,000,000","809,000,000","733,000,000","688,000,000","653,000,000","579,000,000","450,000,000","409,000,000","407,000,000","376,000,000","345,125,000","349,470,000","303,943,000","323,326,000","279,385,000","258,884,000","429,635,000","262,450,000","309,034,000","344,137,000","304,397,000","271,364,000","307,963,000","301,938,000","248,804,000","779,048,000","228,927,000","221,135,000","245,524,000","211,404,000","214,751,000","308,020,000","303,431,000","220,885,000","220,078,000","197,464,000","174,920,000","179,344,000","145,406,000","131,775,000","115,010,000","88,711,000","103,500,000","95,300,000","72,500,000","58,900,000","52,600,000","50,100,000","42,400,000","38,100,000","32,100,000","33,000,000","24,800,000","21,800,000","20,900,000","16,300,000","14,600,000","14,200,000","14,400,000","14,000,000","11,500,000","12,200,000",,,,,,,,
	SellingGeneralAndAdministration,"2,113,000,000","567,000,000","551,000,000","511,000,000","483,000,000","528,000,000","549,000,000","547,000,000","573,000,000","526,000,000","689,000,000","655,000,000","869,000,000","773,000,000","741,000,000","710,000,000","615,000,000","591,000,000","568,000,000","620,000,000","619,000,000","578,000,000","655,000,000","577,000,000","545,000,000","567,000,000","545,000,000","582,000,000","539,000,000","623,000,000","657,000,000","613,000,000","661,000,000","587,000,000","681,000,000","544,000,000","595,000,000","503,000,000","532,000,000","475,000,000","585,000,000","437,000,000","471,000,000","360,000,000","430,000,000","379,000,000","391,000,000","377,000,000","375,000,000","413,000,000","456,000,000","453,000,000","420,000,000","389,000,000","323,000,000","401,000,000","385,000,000","369,000,000","321,000,000","293,000,000","263,000,000","239,000,000","179,000,000","150,000,000","155,000,000","148,000,000","145,920,000","161,799,000","138,205,000","170,513,000","-60,552,000","151,599,000","295,869,000","147,999,000","131,847,000","152,072,000","123,960,000","100,765,000","95,744,000","104,175,000","87,272,000","79,964,000","67,070,000","76,696,000","97,398,000","101,848,000","95,640,000","104,884,000","104,894,000","120,523,000","115,152,000","104,654,000","97,974,000","92,567,000","73,611,000","66,932,000","53,112,000","42,533,000","38,300,000","33,300,000","25,000,000","26,700,000","19,500,000","21,000,000","17,800,000","14,300,000","9,400,000","13,400,000","10,700,000","18,200,000","17,900,000","13,800,000","12,400,000","12,000,000","12,000,000","12,200,000","10,200,000","10,400,000",,,,,,,,
	ResearchAndDevelopment,"6,222,000,000","1,653,000,000","1,582,000,000","1,520,000,000","1,468,000,000","1,406,000,000","1,441,000,000","1,380,000,000","1,308,000,000","1,269,000,000","1,388,000,000","1,416,000,000","1,402,000,000","1,420,000,000","1,398,000,000","1,391,000,000","1,386,000,000","1,311,000,000","1,229,000,000","1,268,000,000","1,301,000,000","1,352,000,000","1,357,000,000","1,407,000,000","1,375,000,000","1,352,000,000","1,364,000,000","1,429,000,000","1,356,000,000","1,328,000,000","1,349,000,000","1,298,000,000","1,214,000,000","1,106,000,000","1,114,000,000","974,000,000","954,000,000","873,000,000","851,000,000","757,000,000","740,000,000","671,000,000","657,000,000","649,000,000","648,000,000","596,000,000","614,000,000","618,000,000","604,000,000","604,000,000","621,000,000","596,000,000","553,000,000","511,000,000","481,000,000","454,000,000","454,000,000","440,000,000","412,000,000","395,000,000","390,000,000","340,000,000","271,000,000","259,000,000","252,000,000","228,000,000","207,431,000","193,608,000","169,023,000","149,938,000","143,297,000","135,690,000","131,801,000","112,479,000","109,969,000","118,086,000","116,755,000","106,868,000","114,970,000","107,414,000","106,253,000","86,123,000","85,917,000","80,933,000","90,153,000","83,404,000","84,273,000","93,791,000","102,713,000","100,362,000","104,926,000","92,810,000","76,946,000","74,801,000","71,795,000","64,843,000","53,106,000","46,178,000","48,100,000","46,700,000","35,300,000","32,200,000","23,700,000","21,300,000","17,700,000","17,500,000","17,000,000","13,100,000","10,100,000",,,,,,,,,,,,,,,,,
	DepreciationAmortizationDepletionIncomeStatement,,,,,,,,,,,,,,,,,,,,,,,,,,,,,,,,,,,,,,,,,,,,,,,,,,,,,,,,,,,,,,,,,,,"837,000","407,000","1,631,000","2,875,000","2,701,000","1,951,000","1,965,000","1,972,000","66,759,000","65,024,000","63,682,000","63,731,000","63,761,000","65,100,000","63,374,000","62,995,000","61,529,000","63,506,000","20,536,000",,,,,,,,,,,,,,"17,100,000","15,300,000","12,200,000",,"9,400,000","7,800,000","6,900,000","6,300,000","5,700,000","6,500,000","4,000,000","3,600,000","3,000,000","2,500,000","2,200,000","2,200,000","2,400,000","1,800,000","1,300,000","1,800,000",,,,,,,,
		DepreciationAndAmortizationInIncomeStatement,,,,,,,,,,,,,,,,,,,,,,,,,,,,,,,,,,,,,,,,,,,,,,,,,,,,,,,,,,,,,,,,,,,"837,000","407,000","1,631,000","2,875,000","2,701,000","1,951,000","1,965,000","1,972,000","66,759,000","65,024,000","63,682,000","63,731,000","63,761,000","65,100,000","63,374,000","62,995,000","61,529,000","63,506,000","20,536,000",,,,,,,,,,,,,,"17,100,000","15,300,000","12,200,000",,"9,400,000","7,800,000","6,900,000","6,300,000","5,700,000","6,500,000","4,000,000","3,600,000","3,000,000","2,500,000","2,200,000","2,200,000","2,400,000","1,800,000","1,300,000","1,800,000",,,,,,,,
			Amortization,,,,,,,,,,,,,,,,,,,,,,,,,,,,,,,,,,,,,,,,,,,,,,,,,,,,,,,,,,,,,,,,,,,"837,000","407,000","1,631,000","2,875,000","2,701,000","1,951,000","1,965,000","1,972,000","66,759,000","65,024,000","63,682,000","63,731,000","63,761,000","65,100,000","63,374,000","62,995,000","61,529,000","63,506,000","20,536,000",,,,,,,,,,,,,,,,,,,,,,,,,,,,,,,,,,,,,,,,,
				AmortizationOfIntangiblesIncomeStatement,,,,,,,,,,,,,,,,,,,,,,,,,,,,,,,,,,,,,,,,,,,,,,,,,,,,,,,,,,,,,,,,,,,"837,000","407,000","1,631,000","2,875,000","2,701,000","1,951,000","1,965,000","1,972,000","66,759,000","65,024,000","63,682,000","63,731,000","63,761,000","65,100,000","63,374,000","62,995,000","61,529,000","63,506,000","20,536,000",,,,,,,,,,,,,,,,,,,,,,,,,,,,,,,,,,,,,,,,,
	OtherOperatingExpenses,"-17,000,000",,"-5,000,000",,"-23,000,000",,"6,000,000","277,000,000","-18,000,000","149,000,000","1,530,000,000","112,000,000","310,000,000","1,183,000,000","780,000,000","9,000,000","78,000,000","876,000,000","44,000,000","30,000,000","75,000,000","-374,000,000","52,000,000","162,000,000","1,010,000,000","69,000,000","34,000,000","-20,000,000",,"472,000,000","173,000,000","158,000,000",,,,,,,,,,,,,,,"265,000,000",,"748,000,000",,,,,,,,,,,,,,,,,,"-9,063,000","-6,344,000","-4,916,000",,"193,939,000","-30,356,000",,,"459,000","8,955,000",,,"33,488,000","25,249,000","-8,095,000","549,966,000","14,411,000",,"37,437,000","26,152,000","34,838,000","109,345,000","95,824,000",,"0",,,"11,976,000","0",,"8,792,000",,,,,,,,,,,,,,,,,,,,,,,,,,,,,
OperatingIncome,"7,751,000,000","2,526,000,000","3,452,000,000","782,000,000","991,000,000","1,030,000,000","700,000,000","5,317,000,000","940,000,000","710,000,000","-653,000,000","925,000,000","441,000,000","29,000,000","333,000,000","773,000,000","729,000,000","778,000,000","1,804,000,000","1,592,000,000","1,415,000,000","1,685,000,000","1,140,000,000","1,235,000,000","1,336,000,000","2,064,000,000","1,992,000,000","2,075,000,000","1,990,000,000","1,493,000,000","1,588,000,000","1,677,000,000","1,877,000,000","2,088,000,000","1,130,000,000","1,389,000,000","1,611,000,000","1,551,000,000","1,123,000,000","1,113,000,000","1,187,000,000","1,110,000,000","836,000,000","792,000,000","776,000,000","879,000,000","596,000,000","894,000,000","-10,000,000","745,000,000","1,336,000,000","824,000,000","813,000,000","757,000,000","777,000,000","782,000,000","748,000,000","576,000,000","680,000,000","704,000,000","660,000,000","645,000,000","670,000,000","560,000,000","572,000,000","584,000,000","362,181,000","621,867,000","576,570,000","510,240,000","296,215,000","335,822,000","231,480,000","446,718,000","252,765,000","138,618,000","99,804,000","182,081,000","81,705,000","105,219,000","210,954,000","-390,948,000","173,492,000","217,434,000","131,821,000","259,921,000","223,624,000","98,379,000","5,189,000","77,948,000","85,116,000","53,353,000","51,301,000","52,895,000","35,834,000","33,062,000","15,542,000","13,019,000","4,000,000","-5,700,000","-8,500,000","2,500,000","9,000,000","3,400,000","4,300,000","4,100,000","8,400,000","3,600,000","5,800,000","5,300,000","6,300,000","7,100,000","300,000","-1,800,000","1,100,000","-700,000","-1,500,000","-800,000","-74,000,000","22,600,000","22,600,000","22,500,000","-50,700,000","11,600,000","11,600,000","11,600,000"
NetNonOperatingInterestIncomeExpense,"-477,000,000","-120,000,000","-145,000,000","-113,000,000","-99,000,000","-79,000,000","-71,000,000","-79,000,000","-82,000,000","-82,000,000","-43,000,000","-30,000,000","-25,000,000","-44,000,000","-11,000,000","14,000,000","46,000,000","77,000,000","84,000,000","81,000,000","86,000,000","62,000,000","57,000,000","96,000,000","137,000,000","133,000,000","125,000,000","139,000,000","164,000,000","153,000,000","167,000,000","175,000,000","174,000,000","157,000,000","162,000,000","138,000,000","117,000,000","103,000,000","86,000,000","98,000,000","92,000,000","103,000,000","97,000,000","117,000,000","122,000,000","136,000,000","119,000,000","124,000,000","117,000,000",,,,,,,,,,,,,,,,,,,,,,,,,,,,,,,,,,,,,,,,,,,,,,,,,,,,,,,,,,,,,,,,,,,,,,,,,,,,,
	InterestIncomeNonOperating,"118,000,000","21,000,000","21,000,000","30,000,000","47,000,000","69,000,000","79,000,000","81,000,000","80,000,000","74,000,000","164,000,000","182,000,000","154,000,000","126,000,000","153,000,000","147,000,000","153,000,000","167,000,000","160,000,000","156,000,000","158,000,000","136,000,000","127,000,000","128,000,000","138,000,000","134,000,000","126,000,000","139,000,000","167,000,000","156,000,000","168,000,000","182,000,000","181,000,000","165,000,000","178,000,000","156,000,000","146,000,000","130,000,000","116,000,000","127,000,000","126,000,000","131,000,000","125,000,000","131,000,000","129,000,000","145,000,000","127,000,000","132,000,000","121,000,000",,,,,,,,,,,,,,,,,,,,,,,,,,,,,,,,,,,,,,,,,,,,,,,,,,,,,,,,,,,,,,,,,,,,,,,,,,,,,
	InterestExpenseNonOperating,"595,000,000","141,000,000","166,000,000","143,000,000","146,000,000","148,000,000","150,000,000","160,000,000","162,000,000","156,000,000","207,000,000","212,000,000","179,000,000","170,000,000","164,000,000","133,000,000","107,000,000","90,000,000","76,000,000","75,000,000","72,000,000","74,000,000","70,000,000","32,000,000","1,000,000","1,000,000","1,000,000","0","3,000,000","3,000,000","1,000,000","7,000,000","7,000,000","8,000,000","16,000,000","18,000,000","29,000,000","27,000,000","30,000,000","29,000,000","34,000,000","28,000,000","28,000,000","14,000,000","7,000,000","9,000,000","8,000,000","8,000,000","4,000,000",,,,,,,,,,,,,,,,,,,,,,,,,,,,,,,,,,,,,,,,,,,,,,,,,,,,,,,,,,,,,,,,,,,,,,,,,,,,,
OtherIncomeExpense,"102,000,000","198,000,000","-1,000,000","199,000,000","-294,000,000","-4,000,000","-15,000,000","263,000,000","-52,000,000","-69,000,000","-79,000,000","61,000,000","-58,000,000","-12,000,000","112,000,000","71,000,000","82,000,000","15,000,000","72,000,000","20,000,000","-31,000,000","-37,000,000","54,000,000","67,000,000","66,000,000","101,000,000","135,000,000","283,000,000","118,000,000","111,000,000","67,000,000","58,000,000","85,000,000","82,000,000","233,000,000","54,000,000","6,000,000","67,000,000","115,000,000","63,000,000","-21,000,000","116,000,000","113,000,000","62,000,000","67,000,000","37,000,000","27,000,000","-34,000,000","-208,000,000","-426,000,000","-336,000,000","-46,000,000","-18,000,000","27,000,000","34,000,000","46,000,000","54,000,000","62,000,000","27,000,000","1,000,000","24,000,000","1,000,000","44,000,000","58,000,000","-18,000,000","67,000,000","35,676,000","12,720,000","38,986,000","37,909,000","-169,437,000","74,788,000","-12,725,000","-50,588,000","-15,773,000","-193,078,000","-25,007,000","38,032,000","-72,184,000","-220,534,000","107,203,000","-838,061,000","46,539,000","64,448,000","233,017,000","10,095,000","-44,287,000","-112,795,000","-156,602,000","4,642,000","-11,024,000","-25,537,000","-11,325,000","-21,596,000","-9,692,000","-5,744,000","-3,233,000",,"7,100,000","4,100,000","6,000,000","7,000,000","4,100,000","1,200,000","900,000","1,100,000","-13,300,000","1,600,000","1,400,000","1,700,000","1,500,000","600,000","600,000","500,000",,"100,000","300,000",,,,,,,,,
	GainOnSaleOfSecurity,"449,000,000","201,000,000","57,000,000","216,000,000","-23,000,000","76,000,000","23,000,000","327,000,000","44,000,000","-39,000,000","34,000,000","108,000,000","-30,000,000","18,000,000","158,000,000","117,000,000","101,000,000","155,000,000","138,000,000","69,000,000","24,000,000","46,000,000","102,000,000","132,000,000","113,000,000","170,000,000","147,000,000","292,000,000","243,000,000","149,000,000","113,000,000","65,000,000","98,000,000","95,000,000","366,000,000","13,000,000","28,000,000",,"333,000,000",,"98,000,000",,"137,000,000","90,000,000","83,000,000","98,000,000",,,,,,,,,,,,,,,,,,,,,,,,,,,,,,,,,,,,,,,,,,,,,,,,,,,,,,,,,,,,,,,,,,,,,,,,,,,,,,,,
	EarningsFromEquityInterest,"-13,000,000","-2,000,000","0","-6,000,000","-6,000,000","-10,000,000","-14,000,000","-22,000,000","-36,000,000","-21,000,000","-78,000,000","-28,000,000","-17,000,000","-21,000,000","-32,000,000","-31,000,000","-14,000,000","3,000,000","-35,000,000","-18,000,000","-11,000,000","-20,000,000","-9,000,000","-10,000,000","-9,000,000","-4,000,000","-3,000,000","-2,000,000","-4,000,000","-1,000,000","-1,000,000","-1,000,000","-1,000,000","-3,000,000","-4,000,000","-1,000,000","-2,000,000",,"-2,000,000","0",,"-1,000,000","-1,000,000","1,000,000","0","-4,000,000",,"-1,000,000",,,"0",,"3,000,000",,,,,,"1,000,000",,"-10,000,000","-20,000,000","-4,000,000","-7,000,000","-18,000,000",,"-17,290,000","-17,741,000",,,,,,,,,,,,,,,,,,,,"-3,450,000","-4,974,000","-1,021,000","-11,024,000","-5,537,000","-1,398,000","-2,772,000",,,,,,,,,,,,,,,,,,,,,,,,,,,,,,,,
	SpecialIncomeCharges,"-334,000,000","-1,000,000","-58,000,000","-11,000,000","-265,000,000","-70,000,000","-24,000,000","-42,000,000","-60,000,000","-9,000,000","-35,000,000","-19,000,000","-11,000,000","-9,000,000","-14,000,000","-15,000,000","-5,000,000","-143,000,000","-34,000,000","-33,000,000","-43,000,000","-63,000,000","-39,000,000","-55,000,000","-38,000,000","-65,000,000","-9,000,000","-7,000,000","-121,000,000","-37,000,000","-45,000,000","-6,000,000","-12,000,000","-10,000,000","-129,000,000","42,000,000","-20,000,000","67,000,000","-216,000,000","63,000,000","-119,000,000","117,000,000","-23,000,000","-29,000,000","-16,000,000","-57,000,000",,"-33,000,000","-208,000,000","-426,000,000","-336,000,000","-46,000,000","-21,000,000","27,000,000","35,000,000","46,000,000","54,000,000","62,000,000","26,000,000","1,000,000","34,000,000","21,000,000","48,000,000","65,000,000",,"67,000,000","52,966,000","30,461,000","38,986,000","37,909,000","-169,437,000","74,788,000","-12,725,000","-50,588,000","-15,773,000","-193,078,000","-25,007,000","38,032,000","-72,184,000","-220,534,000","107,203,000","-838,061,000","46,539,000","64,448,000","233,017,000","10,095,000","-53,732,000","-109,345,000","-151,628,000","5,663,000","0","-20,000,000","-9,927,000","-18,824,000","-9,692,000","-5,744,000","-3,233,000",,"7,100,000","4,100,000","6,000,000","7,000,000","4,100,000","1,200,000","900,000","1,100,000","-13,300,000","1,600,000","1,400,000","1,700,000","1,500,000","600,000","600,000","500,000",,"100,000","300,000",,,,,,,,,
		ImpairmentOfCapitalAssets,,,,,,,,,,,,,,,,,,,,,,,,,,,,,,,,,,,,"21,000,000","24,000,000",,,"10,000,000","119,000,000","11,000,000",,"29,000,000","16,000,000","57,000,000",,"116,000,000",,,,,,,,,,,,,,,,,,,,,,,,,,,,,,,,,,,,,,,,,,,,,,,,,,,,,,,,,,,,,,,,,,,,,,,,,,,,,,
		WriteOff,"334,000,000","1,000,000","56,000,000","12,000,000","265,000,000","72,000,000","24,000,000","42,000,000","60,000,000","9,000,000","35,000,000","19,000,000","11,000,000","9,000,000","14,000,000","15,000,000","5,000,000","143,000,000","34,000,000","33,000,000","43,000,000","63,000,000","39,000,000","55,000,000","41,000,000","65,000,000","10,000,000","11,000,000","123,000,000","37,000,000","36,000,000","27,000,000","12,000,000","10,000,000",,,,,,,,,,,,,,,,,,,,,,,,,,,,,,,,,,,,,,,,,,,,,,,,,,,,,,,,,,,,,,,,,,,,,,,,,,,,,,,,,,,,,,,,,,,,
		OtherSpecialCharges,,,,,,,,,,,,,,,,,,,,,,,,,,,,,,,,,,,,"-63,000,000","-4,000,000",,,"-73,000,000",,"-128,000,000",,,,,,,,,,,,,,,,,,,,,,,,,,,,,,,,,,,,,,,,,,,,,,,,,,,,,,,,,,,,,,,,,,,,,,,,,,,,,,,,,,,,
		GainOnSaleOfBusiness,,,,"1,000,000",,"2,000,000",,,,,,,,,,,,,,,,,"0","0","3,000,000",,"1,000,000","4,000,000","2,000,000",,"-9,000,000","21,000,000",,,,,,,,,,,,,,,,,,,,,,,,,,,,,,,,,,,,,,,,,,,,,,,,,,,,,,,,,,,,,,,,,,,,,,,,,,,,,,,,,,,,,,,,,,,,,,
	OtherNonOperatingIncomeExpenses,,,"31,000,000","57,000,000","-72,000,000",,,,,,,,,,,,,,,"2,000,000","-1,000,000",,,,,,,,,,,,,,,,,,,,,,,,,,,,,,,,,,,,,,,,,,,,,,,,,,,,,,,,,,,,,,,,,,,,,,,,,,,,,,,,,,,,,,,,,,,,,,,,,,,,,,,,,
PretaxIncome,"7,376,000,000","2,604,000,000","3,306,000,000","868,000,000","598,000,000","947,000,000","614,000,000","5,501,000,000","806,000,000","559,000,000","-775,000,000","956,000,000","358,000,000","-27,000,000","434,000,000","858,000,000","857,000,000","870,000,000","1,960,000,000","1,693,000,000","1,470,000,000","1,710,000,000","1,251,000,000","1,398,000,000","1,539,000,000","2,298,000,000","2,252,000,000","2,497,000,000","2,272,000,000","1,757,000,000","1,822,000,000","1,910,000,000","2,136,000,000","2,327,000,000","1,525,000,000","1,581,000,000","1,734,000,000","1,721,000,000","1,324,000,000","1,274,000,000","1,258,000,000","1,329,000,000","1,046,000,000","971,000,000","965,000,000","1,052,000,000","742,000,000","984,000,000","-101,000,000","451,000,000","1,108,000,000","882,000,000","906,000,000","930,000,000","948,000,000","972,000,000","928,000,000","779,000,000","810,000,000","824,000,000","785,000,000","736,000,000","786,000,000","686,000,000","633,000,000","704,000,000","431,531,000","668,053,000","610,060,000","539,581,000","310,531,000","370,491,000","214,876,000","389,249,000","229,077,000","-54,144,000","68,641,000","217,551,000","42,843,000","-90,082,000","308,545,000","-687,611,000","234,013,000","281,274,000","399,068,000","282,450,000","209,981,000","90,689,000","-65,568,000","71,584,000","57,666,000","8,229,000","26,222,000","56,557,000","38,108,000","35,831,000","22,327,000","12,168,000","10,600,000","1,800,000","100,000","14,000,000","17,600,000","8,100,000","7,100,000","7,000,000","-1,700,000","5,600,000","6,900,000","6,500,000","7,300,000","7,000,000","500,000",,"-200,000","-500,000",,"-1,600,000",,,,,,,,
TaxProvision,"648,000,000","149,000,000","346,000,000","23,000,000","130,000,000","22,000,000","108,000,000","3,352,000,000","143,000,000","-509,000,000","-282,000,000","-263,000,000","-5,000,000","5,926,000,000","265,000,000","-7,000,000","108,000,000","189,000,000","361,000,000","250,000,000","306,000,000","214,000,000","190,000,000","215,000,000","487,000,000","327,000,000","358,000,000","260,000,000","314,000,000","313,000,000","321,000,000","332,000,000","273,000,000","424,000,000","286,000,000","375,000,000","296,000,000","321,000,000","270,000,000","289,000,000","263,000,000","159,000,000","181,000,000","204,000,000","191,000,000","211,000,000","-60,000,000","247,000,000","188,000,000","110,000,000","230,000,000","134,000,000","140,000,000","163,000,000","-184,000,000","174,000,000","202,000,000","131,000,000","196,000,000","181,000,000","192,000,000","116,000,000","248,000,000","126,000,000","101,000,000","191,000,000","44,773,000","181,629,000","168,771,000","187,288,000","19,129,000","178,802,000","111,860,000","147,915,000","38,795,000","-40,376,000","24,711,000","78,318,000","90,427,000","184,654,000","159,473,000","-330,053,000","95,338,000","126,573,000","199,352,000","105,331,000","73,960,000","31,741,000","-22,948,000","23,054,000","17,750,000","2,386,000","211,000","19,795,000","7,990,000","-114,000","5,582,000","3,042,000","2,700,000","300,000","-1,400,000","3,900,000","6,700,000","800,000","1,100,000","1,100,000","0","-800,000","1,400,000","1,500,000","0","900,000","100,000",,"400,000","100,000",,"100,000",,,,,,,,
NetIncomeCommonStockholders,"6,728,000,000","2,455,000,000","2,960,000,000","845,000,000","468,000,000","925,000,000","506,000,000","2,149,000,000","663,000,000","1,068,000,000","-493,000,000","1,219,000,000","363,000,000","-5,953,000,000","169,000,000","866,000,000","749,000,000","682,000,000","1,599,000,000","1,444,000,000","1,164,000,000","1,498,000,000","1,062,000,000","1,184,000,000","1,053,000,000","1,972,000,000","1,894,000,000","2,238,000,000","1,959,000,000","1,875,000,000","1,501,000,000","1,580,000,000","1,866,000,000","1,906,000,000","1,271,000,000","1,207,000,000","2,230,000,000","1,401,000,000","1,056,000,000","1,035,000,000","999,000,000","1,170,000,000","865,000,000","767,000,000","774,000,000","841,000,000","802,000,000","737,000,000","-289,000,000","341,000,000","878,000,000","748,000,000","766,000,000","767,000,000","1,132,000,000","798,000,000","726,000,000","648,000,000","614,000,000","643,000,000","593,000,000","620,000,000","538,000,000","560,000,000","532,000,000","513,000,000","392,846,000","486,424,000","488,437,000","352,293,000","291,402,000","191,689,000","103,016,000","241,334,000","190,282,000","-13,768,000","43,930,000","139,233,000","-194,336,000","-274,736,000","149,072,000","-228,743,000","138,675,000","154,701,000","199,716,000","177,119,000","136,021,000","58,948,000","-42,620,000","48,530,000","39,916,000","5,843,000","26,011,000","36,762,000","30,118,000","35,945,000","16,745,000","9,126,000","7,900,000","1,500,000","1,500,000","10,100,000","10,900,000","7,300,000","6,000,000","5,900,000","-1,700,000","6,400,000","5,500,000","5,000,000","7,300,000","6,100,000","400,000","-1,600,000","-600,000","-600,000","-1,200,000","-1,700,000",,,,,,,,
	NetIncome,"6,728,000,000","2,455,000,000","2,960,000,000","845,000,000","468,000,000","925,000,000","506,000,000","2,149,000,000","663,000,000","1,068,000,000","-493,000,000","1,219,000,000","363,000,000","-5,953,000,000","169,000,000","866,000,000","749,000,000","682,000,000","1,599,000,000","1,444,000,000","1,164,000,000","1,498,000,000","1,062,000,000","1,184,000,000","1,053,000,000","1,972,000,000","1,894,000,000","2,238,000,000","1,959,000,000","1,875,000,000","1,501,000,000","1,580,000,000","1,866,000,000","1,906,000,000","1,271,000,000","1,207,000,000","2,230,000,000","1,401,000,000","1,056,000,000","1,035,000,000","999,000,000","1,170,000,000","865,000,000","767,000,000","774,000,000","841,000,000","802,000,000","737,000,000","-289,000,000","341,000,000","878,000,000","748,000,000","766,000,000","767,000,000","1,132,000,000","798,000,000","726,000,000","648,000,000","614,000,000","643,000,000","593,000,000","620,000,000","538,000,000","560,000,000","532,000,000","513,000,000","392,846,000","486,424,000","488,437,000","352,293,000","291,402,000","191,689,000","103,016,000","241,334,000","190,282,000","-13,768,000","43,930,000","139,233,000","-194,336,000","-274,736,000","149,072,000","-228,743,000","138,675,000","154,701,000","199,716,000","177,119,000","136,021,000","58,948,000","-42,620,000","48,530,000","39,916,000","5,843,000","26,011,000","36,762,000","30,118,000","35,945,000","16,745,000","9,126,000","7,900,000","1,500,000","1,500,000","10,100,000","10,900,000","7,300,000","6,000,000","5,900,000","-1,700,000","6,400,000","5,500,000","5,000,000","7,300,000","6,100,000","400,000","-1,600,000","-600,000","-600,000","-1,200,000","-1,700,000",,,,,,,,
		NetIncomeIncludingNoncontrollingInterests,"6,728,000,000","2,455,000,000","2,960,000,000","845,000,000","468,000,000","925,000,000","506,000,000","2,149,000,000","663,000,000","1,068,000,000","-493,000,000","1,219,000,000","363,000,000","-5,953,000,000","169,000,000","865,000,000","749,000,000","681,000,000","1,599,000,000","1,443,000,000","1,164,000,000","1,496,000,000","1,061,000,000","1,183,000,000","1,052,000,000","1,971,000,000","1,894,000,000","2,237,000,000","1,958,000,000","1,874,000,000","1,501,000,000","1,578,000,000","1,863,000,000","1,903,000,000","1,262,000,000","1,203,000,000","2,199,000,000","1,395,000,000","1,048,000,000","1,029,000,000","995,000,000","1,170,000,000","865,000,000","767,000,000","774,000,000","841,000,000","802,000,000","737,000,000","-289,000,000","341,000,000","878,000,000","748,000,000","766,000,000","767,000,000","1,132,000,000","798,000,000","726,000,000","648,000,000","614,000,000","643,000,000","593,000,000","620,000,000","538,000,000","560,000,000","532,000,000","513,000,000","392,846,000","486,424,000","488,437,000","352,293,000","291,402,000","191,689,000","103,016,000","241,334,000","190,282,000","-13,768,000","43,930,000","139,233,000","-194,336,000","-274,736,000","149,072,000","-228,743,000","138,675,000","154,701,000","201,710,000","188,164,000","135,926,000","72,094,000","-29,871,000","62,027,000","61,499,000","34,310,000","47,653,000","32,981,000","27,067,000","36,545,000","18,855,000","12,446,000","5,000,000","-1,800,000","-1,200,000","5,800,000","6,300,000","3,800,000","4,000,000","4,000,000","-3,400,000","5,500,000","5,200,000","5,000,000","7,300,000","6,100,000","300,000","-1,600,000","-600,000","-600,000","-1,200,000","-1,700,000","-2,100,000","-2,100,000","-2,100,000","-2,100,000","-4,300,000","-4,300,000","-4,300,000","-4,200,000"
			NetIncomeContinuousOperations,"6,728,000,000","2,455,000,000","2,960,000,000","845,000,000","468,000,000","925,000,000","506,000,000","2,149,000,000","663,000,000","1,068,000,000","-493,000,000","1,219,000,000","363,000,000","-5,953,000,000","169,000,000","865,000,000","749,000,000","681,000,000","1,599,000,000","1,443,000,000","1,164,000,000","1,496,000,000","1,061,000,000","1,183,000,000","1,052,000,000","1,971,000,000","1,894,000,000","2,237,000,000","1,958,000,000","1,444,000,000","1,501,000,000","1,578,000,000","1,863,000,000","1,903,000,000","1,239,000,000","1,206,000,000","1,438,000,000","1,400,000,000","1,054,000,000","985,000,000","995,000,000","1,170,000,000","865,000,000","767,000,000","774,000,000","841,000,000","802,000,000","737,000,000","-289,000,000","341,000,000","878,000,000","748,000,000","766,000,000","767,000,000","1,132,000,000","798,000,000","726,000,000","648,000,000","614,000,000","643,000,000","593,000,000","620,000,000","538,000,000","560,000,000","532,000,000","513,000,000","386,758,000","486,424,000","441,289,000","352,293,000","291,402,000","191,689,000","103,016,000","241,334,000","190,282,000","-13,768,000","43,930,000","139,233,000","-47,584,000","-274,736,000","149,072,000","-357,558,000","138,675,000","154,701,000","199,716,000","177,119,000","136,021,000","58,948,000","-42,620,000","48,530,000","39,916,000","5,843,000","26,011,000","36,762,000","30,118,000","35,945,000","16,745,000","9,126,000","7,900,000","1,500,000","1,500,000","10,100,000","10,900,000","7,300,000","6,000,000","5,900,000","-1,700,000","6,400,000","5,500,000","5,000,000","7,300,000","6,100,000","400,000","-1,600,000","-600,000","-600,000","-1,200,000","-1,700,000","-2,100,000","-2,100,000","-2,100,000","-2,100,000","-4,300,000","-4,300,000","-4,300,000","-4,200,000"
			NetIncomeDiscontinuousOperations,,,,,,,,,,,,,,,,,,,,,,,"0","0","0","0","0","0","0","430,000,000","0","0","0","0","23,000,000","-3,000,000","761,000,000","-5,000,000","-6,000,000","44,000,000",,,,,,,,,,,,,,,,,,,,,,,,,,,"6,088,000",,"47,148,000",,,,,,,,,,,,,,,,,,,,,,,,,,,,,,,,,,,,,,,,,,,,,,,,,,,,,,,,,
			NetIncomeExtraordinary,,,,,,,,,,,,,,,,,,,,,,,,,,,,,,,,,,,,,,,,,,,,,,,,,,,,,,,,,,,,,,,,,,,,,,,,,,,,,,,"-146,752,000",,,"128,815,000",,,,,,,,,,,,,,,,,,,,,,,,,,,,,,,,,,,,,,,,,,,,
		MinorityInterests,,,,,,,,,,,"0","0",,"0","0","1,000,000","0","1,000,000","0","1,000,000","0","2,000,000","1,000,000","1,000,000","1,000,000","1,000,000","0","1,000,000","1,000,000","1,000,000","0","2,000,000","3,000,000","3,000,000","9,000,000","4,000,000","31,000,000","6,000,000","8,000,000","6,000,000","4,000,000",,,,,,,,,,,,,,,,,,,,,,,,,,,,,,,,,,,,,,,,,,"0",,"-1,994,000","-11,045,000","95,000","-13,146,000","-12,749,000","-13,497,000","-21,583,000","-28,467,000","-21,642,000","3,781,000","3,051,000","-600,000","-2,110,000","-3,320,000","2,900,000","3,300,000","2,700,000","4,300,000","4,600,000","3,500,000","2,000,000","1,900,000","1,700,000","900,000","300,000",,,,"100,000",,,,,,,,,,,,,
DilutedNIAvailtoComStockholders,"6,728,000,000","2,455,000,000","2,960,000,000","845,000,000","468,000,000","925,000,000","506,000,000","2,149,000,000","663,000,000","1,068,000,000","-493,000,000","1,219,000,000","363,000,000","-5,953,000,000","169,000,000","866,000,000","749,000,000","682,000,000","1,599,000,000","1,444,000,000","1,164,000,000","1,498,000,000","1,062,000,000","1,184,000,000","1,053,000,000","1,972,000,000","1,894,000,000","2,238,000,000","1,959,000,000","1,875,000,000","1,501,000,000","1,580,000,000","1,866,000,000","1,906,000,000","1,271,000,000","1,207,000,000","2,230,000,000","1,401,000,000","1,056,000,000","1,035,000,000","999,000,000","1,170,000,000","865,000,000","767,000,000","774,000,000","841,000,000","802,000,000","737,000,000","-289,000,000","341,000,000","878,000,000","748,000,000","766,000,000","767,000,000","1,132,000,000","798,000,000","726,000,000","648,000,000","614,000,000","643,000,000","593,000,000","620,000,000","538,000,000","560,000,000","532,000,000","513,000,000","392,846,000","486,424,000","488,437,000","352,293,000","291,402,000","191,689,000","103,016,000","241,334,000","190,282,000","-13,768,000","43,930,000","139,233,000","-194,336,000","-274,736,000","149,072,000","-228,743,000","138,675,000","154,701,000","199,716,000","177,119,000","136,021,000","58,948,000","-42,620,000","48,530,000","39,916,000","5,843,000","26,011,000","36,762,000","30,118,000","35,945,000","16,745,000","9,126,000","7,900,000","1,500,000","1,500,000","10,100,000","10,900,000","7,300,000","6,000,000","5,900,000","-1,700,000","6,400,000","5,500,000","5,000,000","7,300,000","6,100,000","400,000","-1,600,000","-600,000","-600,000","-1,200,000","-1,700,000",,,,,,,,
BasicEPS,,"2.16",,"0.75","0.41","0.81","0.42","1.77","0.55","0.88","-0.35","0.82","0.25","-4.03","0.11","0.59","0.51","0.46","1.08","0.98","0.78","1","0.68","0.74","0.64","1.19",,"1.33","1.16","1.11",,"0.91","1.08","1.12","0.75","0.7","1.31","0.83",,"0.62","0.6","0.72",,"0.47","0.47","0.5",,"0.45","-0.18","0.21",,"0.46","0.47","0.47",,"0.48","0.44","0.39",,"0.38","0.36","0.38",,"0.34","0.32","0.31",,"0.3","0.305","0.22",,"0.12","0.065","0.155",,"-0.01","0.03","0.09",,"-0.18","0.1","-0.155",,"0.105","0.14","0.135",,"0.05","-0.04","0.045",,"0.005","0.025","0.035",,"0.035","0.015","0.01",,"0.001","0.001","0.01",,"0.01","0.01","0.01",,"0.01","0.005","0.005",,"0.01","0.001","-0.005",,"-0.001","-0.005","-0.005",,"-0.005","-0.005","-0.005",,"-0.01","-0.01","-0.01"
DilutedEPS,,"2.12",,"0.74","0.41","0.8","0.42","1.75","0.55","0.87","-0.35","0.82","0.24","-4.03","0.11","0.58","0.5","0.46","1.07","0.97","0.78","0.99","0.67","0.73","0.63","1.17",,"1.31","1.14","1.09",,"0.9","1.06","1.09","0.73","0.69","1.28","0.81",,"0.61","0.59","0.71",,"0.47","0.46","0.5",,"0.44","-0.18","0.2",,"0.45","0.47","0.46",,"0.47","0.43","0.38",,"0.37","0.34","0.36",,"0.33","0.31","0.3",,"0.29","0.29","0.215",,"0.115","0.065","0.15",,"-0.01","0.025","0.085",,"-0.18","0.09","-0.155",,"0.095","0.125","0.115",,"0.045","-0.04","0.04",,"0.005","0.025","0.03",,"0.03","0.015","0.01",,"0.001","0.001","0.01",,"0.01","0.01","0.01",,"0.01","0.005","0.005",,"0.01","0.001","-0.005",,"-0.001","-0.005","-0.005",,"-0.005","-0.005","-0.005",,"-0.01","-0.01","-0.01"
BasicAverageShares,,"1,134,000,000",,"1,127,000,000","1,139,000,000","1,144,000,000","1,197,000,000","1,217,000,000","1,213,000,000","1,213,000,000","1,417,000,000","1,478,000,000","1,482,000,000","1,477,000,000","1,476,000,000","1,478,000,000","1,477,000,000","1,478,000,000","1,476,000,000","1,471,000,000","1,487,000,000","1,502,000,000","1,557,000,000","1,608,000,000","1,645,000,000","1,661,000,000",,"1,683,000,000","1,688,000,000","1,688,000,000",,"1,727,000,000","1,722,000,000","1,709,000,000","1,704,000,000","1,715,000,000","1,698,000,000","1,684,000,000",,"1,673,000,000","1,654,000,000","1,623,000,000",,"1,629,000,000","1,662,000,000","1,672,000,000",,"1,656,000,000","1,651,000,000","1,653,000,000",,"1,626,000,000","1,617,000,000","1,635,000,000",,"1,670,000,000","1,659,000,000","1,653,000,000",,"1,675,000,000","1,664,000,000","1,645,000,000",,"1,633,000,000","1,646,000,000","1,639,000,000",,"1,621,764,000","1,612,566,000","1,600,730,000",,"1,581,022,000","1,578,052,000","1,566,560,000",,"1,546,254,000","1,535,806,000","1,529,918,000",,"1,516,100,000","1,509,268,000","1,498,964,000",,"1,483,470,000","1,433,636,000","1,329,172,000",,"1,202,320,000","1,156,912,000","1,131,552,000",,"138,574,000","137,868,000","136,950,000",,"145,388,000","145,642,000","141,318,000",,"1,160,000,000","1,010,000,000","1,010,000,000",,"730,000,000","600,000,000","590,000,000",,"640,000,000","1,000,000,000","1,000,000,000",,"610,000,000","694,080,000","690,576,000",,"580,000,000","657,056,000","650,640,000",,,,,,,,
DilutedAverageShares,,"1,156,000,000",,"1,139,000,000","1,151,000,000","1,159,000,000","1,211,000,000","1,231,000,000","1,217,000,000","1,223,000,000","1,417,000,000","1,487,000,000","1,494,000,000","1,477,000,000","1,488,000,000","1,491,000,000","1,489,000,000","1,495,000,000","1,491,000,000","1,486,000,000","1,498,000,000","1,517,000,000","1,573,000,000","1,629,000,000","1,667,000,000","1,686,000,000",,"1,714,000,000","1,719,000,000","1,722,000,000",,"1,765,000,000","1,763,000,000","1,751,000,000","1,745,000,000","1,758,000,000","1,743,000,000","1,721,000,000",,"1,709,000,000","1,689,000,000","1,648,000,000",,"1,642,000,000","1,678,000,000","1,691,000,000",,"1,675,000,000","1,651,000,000","1,667,000,000",,"1,654,000,000","1,617,000,000","1,664,000,000",,"1,704,000,000","1,693,000,000","1,685,000,000",,"1,728,000,000","1,721,000,000","1,702,000,000",,"1,683,000,000","1,704,000,000","1,704,000,000",,"1,682,236,000","1,671,502,000","1,654,060,000",,"1,631,712,000","1,636,176,000","1,631,490,000",,"1,546,254,000","1,617,992,000","1,619,148,000",,"1,516,100,000","1,613,692,000","1,498,964,000",,"1,611,014,000","1,602,776,000","1,581,654,000",,"1,503,064,000","1,156,912,000","1,187,504,000",,"147,956,000","146,286,000","148,252,000",,"145,388,000","147,516,000","141,318,000",,"1,160,000,000","1,010,000,000","1,010,000,000",,"730,000,000","600,000,000","590,000,000",,"640,000,000","1,000,000,000","1,000,000,000",,"610,000,000","694,080,000","690,576,000",,"580,000,000","657,056,000","650,640,000",,,,,,,,
TotalOperatingIncomeAsReported,"7,751,000,000","2,526,000,000","3,452,000,000","782,000,000","991,000,000","1,030,000,000","700,000,000","5,317,000,000","940,000,000","710,000,000","-653,000,000","925,000,000","441,000,000","29,000,000","333,000,000","773,000,000","729,000,000","778,000,000","1,804,000,000","1,592,000,000","1,415,000,000","1,685,000,000","1,140,000,000","1,235,000,000","1,336,000,000","2,064,000,000","1,992,000,000","2,075,000,000","1,990,000,000","1,493,000,000","1,588,000,000","1,677,000,000","1,877,000,000","2,088,000,000","1,234,000,000","1,382,000,000","1,514,000,000","1,551,000,000","1,237,000,000","1,113,000,000","1,073,000,000","1,110,000,000","836,000,000","792,000,000","776,000,000","879,000,000","596,000,000","894,000,000","-10,000,000","745,000,000","1,336,000,000","824,000,000","813,000,000","757,000,000","777,000,000","782,000,000","748,000,000","576,000,000","680,000,000","704,000,000","660,000,000","645,000,000","670,000,000","560,000,000","572,000,000","584,000,000","362,181,000","621,867,000","576,570,000","510,240,000","296,215,000","335,822,000","231,480,000","446,718,000","252,765,000","138,618,000","99,804,000","182,081,000","81,705,000","105,219,000","210,954,000","-390,948,000","173,492,000","217,434,000","71,791,000","259,921,000","223,624,000","98,379,000","5,189,000","77,948,000","85,116,000","53,353,000","51,301,000","52,895,000","35,834,000","33,062,000","15,542,000","13,019,000","4,000,000","-5,700,000","-8,500,000","2,500,000","9,000,000","3,400,000","4,300,000","4,100,000","8,400,000","3,600,000","5,800,000","5,300,000","6,300,000","7,100,000","300,000","-1,800,000","1,100,000","-700,000","-1,500,000","-800,000",,,,,,,,
TotalExpenses,"18,938,000,000","5,709,000,000","4,894,000,000","4,111,000,000","4,225,000,000","4,047,000,000","4,114,000,000","4,318,000,000","4,042,000,000","4,132,000,000","6,457,000,000","4,674,000,000","4,820,000,000","6,039,000,000","5,571,000,000","4,598,000,000","4,287,000,000","5,221,000,000","4,380,000,000","4,452,000,000","4,136,000,000","4,090,000,000","4,316,000,000","4,597,000,000","5,558,000,000","5,035,000,000","4,700,000,000","4,731,000,000","4,377,000,000","5,129,000,000","4,893,000,000","4,566,000,000","4,247,000,000","3,930,000,000","3,740,000,000","3,237,000,000","3,332,000,000","3,130,000,000","2,994,000,000","2,510,000,000","2,688,000,000","2,238,000,000","2,116,000,000","1,914,000,000","1,887,000,000","1,791,000,000","2,094,000,000","1,859,000,000","2,465,000,000","1,772,000,000","1,998,000,000","1,938,000,000","1,793,000,000","1,683,000,000","1,529,000,000","1,543,000,000","1,473,000,000","1,443,000,000","1,319,000,000","1,247,000,000","1,174,000,000","1,096,000,000","891,000,000","798,000,000","793,000,000","806,000,000","755,071,000","718,659,000","639,078,000","731,857,000","612,601,000","585,786,000","811,563,000","650,451,000","621,121,000","632,299,000","596,311,000","516,561,000","560,778,000","534,808,000","502,301,000","1,074,969,000","461,953,000","496,087,000","595,920,000","860,152,000","835,991,000","905,687,000","927,206,000","863,275,000","840,850,000","822,144,000","709,252,000","732,959,000","565,585,000","487,198,000","570,204,000","375,921,000","279,200,000","240,600,000","157,800,000","144,100,000","112,500,000","96,100,000","85,500,000","71,800,000","70,300,000","68,000,000","61,900,000","48,400,000","46,400,000","42,000,000","36,500,000","31,800,000","28,000,000","27,800,000","27,800,000","26,000,000",,,,,,,,
NetIncomeFromContinuingAndDiscontinuedOperation,"6,728,000,000","2,455,000,000","2,960,000,000","845,000,000","468,000,000","925,000,000","506,000,000","2,149,000,000","663,000,000","1,068,000,000","-493,000,000","1,219,000,000","363,000,000","-5,953,000,000","169,000,000","866,000,000","749,000,000","682,000,000","1,599,000,000","1,444,000,000","1,164,000,000","1,498,000,000","1,062,000,000","1,184,000,000","1,053,000,000","1,972,000,000","1,894,000,000","2,238,000,000","1,959,000,000","1,875,000,000","1,501,000,000","1,580,000,000","1,866,000,000","1,906,000,000","1,271,000,000","1,207,000,000","2,230,000,000","1,401,000,000","1,056,000,000","1,035,000,000","999,000,000","1,170,000,000","865,000,000","767,000,000","774,000,000","841,000,000","802,000,000","737,000,000","-289,000,000","341,000,000","878,000,000","748,000,000","766,000,000","767,000,000","1,132,000,000","798,000,000","726,000,000","648,000,000","614,000,000","643,000,000","593,000,000","620,000,000","538,000,000","560,000,000","532,000,000","513,000,000","392,846,000","486,424,000","488,437,000","352,293,000","291,402,000","191,689,000","103,016,000","241,334,000","190,282,000","-13,768,000","43,930,000","139,233,000","-47,584,000","-274,736,000","149,072,000","-357,558,000","138,675,000","154,701,000","199,716,000","177,119,000","136,021,000","58,948,000","-42,620,000","48,530,000","39,916,000","5,843,000","26,011,000","36,762,000","30,118,000","35,945,000","16,745,000","9,126,000","7,900,000","1,500,000","1,500,000","10,100,000","10,900,000","7,300,000","6,000,000","5,900,000","-1,700,000","6,400,000","5,500,000","5,000,000","7,300,000","6,100,000","400,000","-1,600,000","-600,000","-600,000","-1,200,000","-1,700,000",,,,,,,,
NormalizedIncome,"6,623,103,036.876","2,267,000,000","2,960,895,341.803","646,150,000","692,640,000","919,120,000","506,824,104.235","1,940,950,000","676,120,000","1,103,040,000","-492,363,870.968","1,154,920,000","403,590,000","-5,958,400,000","82,600,000","765,020,000","665,480,000","672,640,000","1,514,155,102.041","1,413,400,000","1,179,010,000","1,512,790,000","1,008,568,345.324","1,118,550,000","1,002,000,000","1,881,700,000","1,777,937,833.037","1,981,500,000","1,854,080,000","1,353,160,000","1,444,980,241.493","1,531,255,497.382","1,791,180,000","1,836,300,000","1,055,447,213.115","1,168,200,000","1,462,360,000","1,351,496,804.184","968,859,516.616","942,291,208.791","1,015,609,697.933","1,066,997,742.664","770,726,577.438","718,815,653.965","720,261,139.896","808,223,384.03","802,000,000","761,716,463.415","-153,800,000","663,097,560.976","1,144,252,707.581","787,011,337.868","783,754,966.887","744,732,258.065","1,109,250,000","760,234,567.901","683,754,310.345","596,426,187.42","594,291,358.025","642,219,660.194","567,315,923.567","602,309,782.609","505,145,038.168","506,938,775.51","532,000,000","464,177,556.818","339,287,426.095","464,244,679.701","413,088,342.763","327,542,174.198","450,401,522.347","146,816,200","110,651,000","272,698,510.614","203,383,786.674","102,078,800","59,934,392.564","114,892,457.065","-4,273,600","-142,415,600","84,750,200","145,278,600","110,751,600","116,032,200","59,905,800","170,788,618.322","170,827,389.016","130,022,430.857","55,940,050.024","44,690,798.642","39,916,000","20,043,996.476","35,858,120.624","48,997,583.358","37,777,904.902","39,391,400","19,169,713.799","9,126,000","2,608,490.566","-1,916,666.667","-2,100,000","5,050,000","8,360,795.455","6,218,518.519","5,239,436.62","4,972,857.143","11,600,000","5,440,000","4,384,057.971","3,692,307.692","5,800,000","5,577,142.857","-80,000","-1,900,000","-600,000","-660,000","-1,380,000","-1,700,000",,,,,,,,
InterestIncome,"118,000,000","21,000,000","21,000,000","30,000,000","47,000,000","69,000,000","79,000,000","81,000,000","80,000,000","74,000,000","164,000,000","182,000,000","154,000,000","126,000,000","153,000,000","147,000,000","153,000,000","167,000,000","160,000,000","156,000,000","158,000,000","136,000,000","127,000,000","128,000,000","138,000,000","134,000,000","126,000,000","139,000,000","167,000,000","156,000,000","168,000,000","182,000,000","181,000,000","165,000,000","178,000,000","156,000,000","146,000,000","130,000,000","116,000,000","127,000,000","126,000,000","131,000,000","125,000,000","131,000,000","129,000,000","145,000,000","127,000,000","132,000,000","121,000,000",,,,,,,,,,,,,,,,,,,,,,,,,,,,,,,,,,,,,,,,,,,,,,,,,,,,,,,,,,,,,,,,,,,,,,,,,,,,,
InterestExpense,"595,000,000","141,000,000","166,000,000","143,000,000","146,000,000","148,000,000","150,000,000","160,000,000","162,000,000","156,000,000","207,000,000","212,000,000","179,000,000","170,000,000","164,000,000","133,000,000","107,000,000","90,000,000","76,000,000","75,000,000","72,000,000","74,000,000","70,000,000","32,000,000","1,000,000","1,000,000","1,000,000","0","3,000,000","3,000,000","1,000,000","7,000,000","7,000,000","8,000,000","16,000,000","18,000,000","29,000,000","27,000,000","30,000,000","29,000,000","34,000,000","28,000,000","28,000,000","14,000,000","7,000,000","9,000,000","8,000,000","8,000,000","4,000,000",,,,,,,,,,,,,,,,,,,,,,,,,,,,,,,,,,,,,,,,,,,,,,,,,,,,,,,,,,,,,,,,,,,,,,,,,,,,,
NetInterestIncome,"-477,000,000","-120,000,000","-145,000,000","-113,000,000","-99,000,000","-79,000,000","-71,000,000","-79,000,000","-82,000,000","-82,000,000","-43,000,000","-30,000,000","-25,000,000","-44,000,000","-11,000,000","14,000,000","46,000,000","77,000,000","84,000,000","81,000,000","86,000,000","62,000,000","57,000,000","96,000,000","137,000,000","133,000,000","125,000,000","139,000,000","164,000,000","153,000,000","167,000,000","175,000,000","174,000,000","157,000,000","162,000,000","138,000,000","117,000,000","103,000,000","86,000,000","98,000,000","92,000,000","103,000,000","97,000,000","117,000,000","122,000,000","136,000,000","119,000,000","124,000,000","117,000,000",,,,,,,,,,,,,,,,,,,,,,,,,,,,,,,,,,,,,,,,,,,,,,,,,,,,,,,,,,,,,,,,,,,,,,,,,,,,,
EBIT,"7,971,000,000","2,745,000,000","3,472,000,000","1,011,000,000","744,000,000","1,095,000,000","764,000,000","5,661,000,000","968,000,000","715,000,000","-568,000,000","1,168,000,000","537,000,000","143,000,000","598,000,000","991,000,000","964,000,000","960,000,000","2,036,000,000","1,768,000,000","1,542,000,000","1,784,000,000","1,321,000,000","1,430,000,000","1,540,000,000","2,299,000,000","2,253,000,000","2,497,000,000","2,275,000,000","1,760,000,000","1,823,000,000","1,917,000,000","2,143,000,000","2,335,000,000","1,541,000,000","1,599,000,000","1,763,000,000","1,748,000,000","1,354,000,000","1,303,000,000","1,292,000,000","1,357,000,000","1,074,000,000","985,000,000","972,000,000","1,061,000,000","750,000,000","992,000,000","-97,000,000","745,000,000","1,336,000,000","824,000,000","813,000,000","757,000,000","777,000,000","782,000,000","748,000,000","576,000,000","680,000,000","704,000,000","660,000,000","645,000,000","670,000,000","560,000,000","572,000,000","584,000,000","362,181,000","621,867,000","576,570,000","510,240,000","296,215,000","335,822,000","231,480,000","446,718,000","252,765,000","138,618,000","99,804,000","182,081,000","81,705,000","105,219,000","210,954,000","-390,948,000","173,492,000","217,434,000","131,821,000","259,921,000","223,624,000","98,379,000","5,189,000","77,948,000","85,116,000","53,353,000","51,301,000","52,895,000","35,834,000","33,062,000","15,542,000","13,019,000","4,000,000","-5,700,000","-8,500,000","2,500,000","9,000,000","3,400,000","4,300,000","4,100,000","8,400,000","3,600,000","5,800,000","5,300,000","6,300,000","7,100,000","300,000","-1,800,000","1,100,000","-700,000","-1,500,000","-800,000","-74,000,000","22,600,000","22,600,000","22,500,000","-50,700,000","11,600,000","11,600,000","11,600,000"
EBITDA,"9,377,000,000"
ReconciledCostOfRevenue,"10,631,000,000","3,489,000,000","2,766,000,000","2,080,000,000","2,297,000,000","2,113,000,000","2,118,000,000","2,114,000,000","2,179,000,000","2,188,000,000","2,850,000,000","2,491,000,000","2,239,000,000","2,663,000,000","2,652,000,000","2,488,000,000","2,208,000,000","2,443,000,000","2,539,000,000","2,534,000,000","2,141,000,000","2,534,000,000","2,252,000,000","2,451,000,000","2,628,000,000","3,047,000,000","2,757,000,000","2,740,000,000","2,482,000,000","2,706,000,000","2,714,000,000","2,497,000,000","2,372,000,000","2,237,000,000","1,841,000,000","1,719,000,000","1,783,000,000","1,754,000,000","1,497,000,000","1,278,000,000","1,363,000,000","1,130,000,000","988,000,000","905,000,000","809,000,000","816,000,000","824,000,000","864,000,000","738,000,000","755,000,000","921,000,000","889,000,000","820,000,000","783,000,000","725,000,000","688,000,000","634,000,000","634,000,000","586,000,000","559,000,000","521,000,000","517,000,000","441,000,000","389,000,000","386,000,000","430,000,000","368,124,000","329,413,000","305,163,000","362,851,000","288,792,000","285,810,000","337,544,000","346,796,000","269,686,000","248,529,000","258,803,000","225,281,000","236,709,000","219,361,000","238,237,000","276,215,000","214,785,000","255,780,000","324,620,000","648,748,000","621,240,000","597,667,000","623,775,000","642,390,000","620,772,000","624,680,000","534,332,000","553,615,000","420,179,000","355,423,000","455,194,000","287,210,000","175,700,000","145,300,000","85,300,000","85,200,000","59,900,000","46,000,000","42,600,000","33,700,000","38,200,000","36,400,000","36,700,000","26,600,000","25,500,000","25,700,000","22,000,000","17,600,000","13,600,000","13,800,000","16,400,000","13,800,000",,,,,,,,
ReconciledDepreciation,"1,406,000,000","364,000,000","339,000,000","363,000,000","340,000,000","351,000,000","350,000,000","353,000,000","345,000,000","353,000,000","396,000,000","414,000,000","388,000,000","363,000,000","397,000,000","393,000,000","342,000,000","329,000,000","336,000,000","356,000,000","372,000,000","364,000,000","326,000,000","297,000,000","304,000,000","287,000,000","297,000,000","292,000,000","289,000,000","272,000,000","273,000,000","255,000,000","248,000,000","241,000,000","257,000,000","221,000,000","211,000,000","208,000,000","241,000,000","185,000,000","434,000,000","201,000,000","171,000,000","166,000,000","167,000,000","162,000,000","175,000,000","154,000,000","154,000,000","152,000,000","120,000,000","117,000,000","111,000,000","108,000,000","100,000,000","99,000,000","93,000,000","91,000,000","82,000,000","69,000,000","63,000,000","58,000,000","56,000,000","51,000,000","48,000,000","45,000,000","42,659,000","40,183,000","31,603,000","48,555,000","47,125,000","43,043,000","46,349,000","43,177,000","109,160,000","104,657,000","96,793,000","83,647,000","79,867,000","78,609,000","78,634,000","82,701,000","79,770,000","82,678,000","46,312,000","35,082,000","31,645,000","40,065,000","42,271,000","44,448,000","41,021,000","35,752,000","34,145,000","30,974,000","27,710,000","24,213,000","22,671,000","19,004,000","17,100,000","15,300,000","12,200,000",,"9,400,000","7,800,000","7,400,000","6,300,000","5,700,000","5,100,000","4,400,000","3,600,000","3,000,000","2,500,000","2,100,000","2,200,000","2,400,000","1,800,000","1,200,000","1,800,000",,,,,,,,
NetIncomeFromContinuingOperationNetMinorityInterest,"6,728,000,000","2,455,000,000","2,960,000,000","845,000,000","468,000,000","925,000,000","506,000,000","2,149,000,000","663,000,000","1,068,000,000","-493,000,000","1,219,000,000","363,000,000","-5,953,000,000","169,000,000","866,000,000","749,000,000","682,000,000","1,599,000,000","1,444,000,000","1,164,000,000","1,498,000,000","1,062,000,000","1,184,000,000","1,053,000,000","1,972,000,000","1,894,000,000","2,238,000,000","1,959,000,000","1,445,000,000","1,501,000,000","1,580,000,000","1,866,000,000","1,906,000,000","1,248,000,000","1,210,000,000","1,469,000,000","1,406,000,000","1,062,000,000","991,000,000","999,000,000","1,170,000,000","865,000,000","767,000,000","774,000,000","841,000,000","802,000,000","737,000,000","-289,000,000","341,000,000","878,000,000","748,000,000","766,000,000","767,000,000","1,132,000,000","798,000,000","726,000,000","648,000,000","614,000,000","643,000,000","593,000,000","620,000,000","538,000,000","560,000,000","532,000,000","513,000,000","386,758,000","486,424,000","441,289,000","352,293,000","291,402,000","191,689,000","103,016,000","241,334,000","190,282,000","-13,768,000","43,930,000","139,233,000","-47,584,000","-274,736,000","149,072,000","-357,558,000","138,675,000","154,701,000","199,716,000","177,119,000","136,021,000","58,948,000","-42,620,000","48,530,000","39,916,000","5,843,000","26,011,000","36,762,000","30,118,000","35,945,000","16,745,000","9,126,000","7,900,000","1,500,000","1,500,000","10,100,000","10,900,000","7,300,000","6,000,000","5,900,000","-1,700,000","6,400,000","5,500,000","5,000,000","7,300,000","6,100,000","400,000","-1,600,000","-600,000","-600,000","-1,200,000","-1,700,000",,,,,,,,
TotalUnusualItemsExcludingGoodwill,"115,000,000","200,000,000","-1,000,000","205,000,000","-288,000,000","6,000,000","-1,000,000","285,000,000","-16,000,000","-48,000,000","-1,000,000","89,000,000","-41,000,000","9,000,000","144,000,000","102,000,000","96,000,000","12,000,000","104,000,000","36,000,000","-19,000,000","-17,000,000","63,000,000","77,000,000","75,000,000","105,000,000","138,000,000","285,000,000","122,000,000","112,000,000","68,000,000","59,000,000","86,000,000","85,000,000","237,000,000","55,000,000","8,000,000","67,000,000","117,000,000","63,000,000","-21,000,000","117,000,000","114,000,000","61,000,000","67,000,000","41,000,000",,"-33,000,000","-208,000,000","-426,000,000","-336,000,000","-46,000,000","-21,000,000","27,000,000","35,000,000","46,000,000","54,000,000","62,000,000","26,000,000","1,000,000","34,000,000","21,000,000","48,000,000","65,000,000",,"67,000,000","52,966,000","30,461,000","38,986,000","37,909,000","-169,437,000","74,788,000","-12,725,000","-50,588,000","-15,773,000","-193,078,000","-25,007,000","38,032,000","-72,184,000","-220,534,000","107,203,000","-838,061,000","46,539,000","64,448,000","233,017,000","10,095,000","-53,732,000","-109,345,000","-151,628,000","5,663,000","0","-20,000,000","-9,927,000","-18,824,000","-9,692,000","-5,744,000","-3,233,000",,"7,100,000","4,100,000","6,000,000","7,000,000","4,100,000","1,200,000","900,000","1,100,000","-13,300,000","1,600,000","1,400,000","1,700,000","1,500,000","600,000","600,000","500,000",,"100,000","300,000",,,,,,,,,
TotalUnusualItems,"115,000,000","200,000,000","-1,000,000","205,000,000","-288,000,000","6,000,000","-1,000,000","285,000,000","-16,000,000","-48,000,000","-1,000,000","89,000,000","-41,000,000","9,000,000","144,000,000","102,000,000","96,000,000","12,000,000","104,000,000","36,000,000","-19,000,000","-17,000,000","63,000,000","77,000,000","75,000,000","105,000,000","138,000,000","285,000,000","122,000,000","112,000,000","68,000,000","59,000,000","86,000,000","85,000,000","237,000,000","55,000,000","8,000,000","67,000,000","117,000,000","63,000,000","-21,000,000","117,000,000","114,000,000","61,000,000","67,000,000","41,000,000",,"-33,000,000","-208,000,000","-426,000,000","-336,000,000","-46,000,000","-21,000,000","27,000,000","35,000,000","46,000,000","54,000,000","62,000,000","26,000,000","1,000,000","34,000,000","21,000,000","48,000,000","65,000,000",,"67,000,000","52,966,000","30,461,000","38,986,000","37,909,000","-169,437,000","74,788,000","-12,725,000","-50,588,000","-15,773,000","-193,078,000","-25,007,000","38,032,000","-72,184,000","-220,534,000","107,203,000","-838,061,000","46,539,000","64,448,000","233,017,000","10,095,000","-53,732,000","-109,345,000","-151,628,000","5,663,000","0","-20,000,000","-9,927,000","-18,824,000","-9,692,000","-5,744,000","-3,233,000",,"7,100,000","4,100,000","6,000,000","7,000,000","4,100,000","1,200,000","900,000","1,100,000","-13,300,000","1,600,000","1,400,000","1,700,000","1,500,000","600,000","600,000","500,000",,"100,000","300,000",,,,,,,,,
NormalizedEBITDA,"9,262,000,000","2,909,000,000","3,812,000,000","1,169,000,000","1,372,000,000","1,440,000,000","1,115,000,000","5,729,000,000","1,329,000,000","1,116,000,000","-171,000,000","1,493,000,000","966,000,000","497,000,000","851,000,000","1,282,000,000","1,210,000,000","1,277,000,000","2,268,000,000","2,088,000,000","1,933,000,000","2,165,000,000","1,584,000,000","1,650,000,000","1,769,000,000","2,481,000,000","2,412,000,000","2,504,000,000","2,442,000,000","1,920,000,000","2,028,000,000","2,113,000,000","2,305,000,000","2,491,000,000","1,561,000,000","1,765,000,000","1,966,000,000","1,889,000,000","1,478,000,000","1,425,000,000","1,747,000,000","1,441,000,000","1,131,000,000","1,090,000,000","1,072,000,000","1,182,000,000","925,000,000","1,179,000,000","265,000,000","1,323,000,000","1,792,000,000","987,000,000","945,000,000","838,000,000","842,000,000","835,000,000","787,000,000","605,000,000","736,000,000","772,000,000","689,000,000","682,000,000","678,000,000","546,000,000","620,000,000","562,000,000","351,874,000","631,589,000","569,187,000","520,886,000","512,777,000","304,077,000","290,554,000","540,483,000","377,698,000","436,353,000","221,604,000","227,696,000","233,756,000","404,362,000","182,385,000","529,814,000","206,723,000","235,664,000","-54,884,000","284,908,000","309,001,000","247,789,000","199,088,000","116,733,000","126,137,000","109,105,000","95,373,000","102,693,000","73,236,000","63,019,000","41,446,000","32,023,000","14,000,000","5,500,000","-2,300,000","-4,500,000","14,300,000","10,000,000","10,800,000","9,300,000","27,400,000","8,500,000","8,800,000","7,200,000","7,800,000","9,000,000","1,900,000","-100,000","3,500,000","1,000,000","-500,000","1,000,000","-74,000,000","22,600,000","22,600,000","22,500,000","-50,700,000","11,600,000","11,600,000","11,600,000"
TaxRateForCalcs,"0.088","0.06","0.105","0.03","0.22","0.02","0.176","0.27","0.18","0.27","0.364","0.28","0.01","0.4","0.4","0.01","0.13","0.22","0.184","0.15","0.21","0.13","0.152","0.15","0.32","0.14","0.159","0.1","0.14","0.18","0.176","0.174","0.13","0.18","0.188","0.24","0.17","0.187","0.204","0.227","0.209","0.12","0.173","0.21","0.198","0.201","0.35","0.251","0.35","0.244","0.208","0.152","0.155","0.175","0.35","0.179","0.218","0.168","0.242","0.22","0.245","0.158","0.316","0.184","0.16","0.271","0.104","0.272","0.277","0.347","0.062","0.4","0.4","0.38","0.169","0.4","0.36","0.36","0.4","0.4","0.4","0.4","0.4","0.4","0.4","0.373","0.352","0.35","0.35","0.322","0.308","0.29","0.008","0.35","0.21","0.4","0.25","0.25","0.255","0.167","0.4","0.279","0.381","0.099","0.155","0.157","0","0.4","0.203","0.231","0","0.129","0.2","0.4","0.4","0.4","0.4","0.4",,,,,,,,
TaxEffectOfUnusualItems,"10,103,036.876","12,000,000","-104,658.197","6,150,000","-63,360,000","120,000","-175,895.765","76,950,000","-2,880,000","-12,960,000","-363,870.968","24,920,000","-410,000","3,600,000","57,600,000","1,020,000","12,480,000","2,640,000","19,155,102.041","5,400,000","-3,990,000","-2,210,000","9,568,345.324","11,550,000","24,000,000","14,700,000","21,937,833.037","28,500,000","17,080,000","20,160,000","11,980,241.493","10,255,497.382","11,180,000","15,300,000","44,447,213.115","13,200,000","1,360,000","12,496,804.184","23,859,516.616","14,291,208.791","-4,390,302.067","13,997,742.664","19,726,577.438","12,815,653.965","13,261,139.896","8,223,384.03","0","-8,283,536.585","-72,800,000","-103,902,439.024","-69,747,292.419","-6,988,662.132","-3,245,033.113","4,732,258.065","12,250,000","8,234,567.901","11,754,310.345","10,426,187.42","6,291,358.025","219,660.194","8,315,923.567","3,309,782.609","15,145,038.168","11,938,775.51","0","18,177,556.818","5,495,426.095","8,281,679.701","10,785,342.763","13,158,174.198","-10,437,477.653","29,915,200","-5,090,000","-19,223,489.386","-2,671,213.326","-77,231,200","-9,002,607.436","13,691,457.065","-28,873,600","-88,213,600","42,881,200","-335,224,400","18,615,600","25,779,200","93,206,800","3,764,618.322","-18,925,610.984","-38,270,569.143","-53,067,949.976","1,823,798.642","0","-5,799,003.524","-79,879.376","-6,588,416.642","-2,032,095.098","-2,297,600","-808,286.201","0","1,808,490.566","683,333.333","2,400,000","1,950,000","1,560,795.455","118,518.519","139,436.62","172,857.143","0","640,000","284,057.971","392,307.692","0","77,142.857","120,000","200,000","0","40,000","120,000","0",,,,,,,,