name,ttm,12/31/2020,09/30/2020,06/30/2020,03/31/2020,12/31/2019,09/30/2019,06/30/2019,03/31/2019,12/31/2018,09/30/2018,06/30/2018,03/31/2018,12/31/2017,09/30/2017,06/30/2017,03/31/2017,12/31/2016,09/30/2016,06/30/2016,03/31/2016,12/31/2015,09/30/2015,06/30/2015,03/31/2015,12/31/2014,09/30/2014,06/30/2014,03/31/2014,12/31/2013,09/30/2013,06/30/2013,03/31/2013,12/31/2012,09/30/2012,06/30/2012,03/31/2012,12/31/2011,09/30/2011,06/30/2011,03/31/2011,12/31/2010,09/30/2010,06/30/2010,03/31/2010,12/31/2009,09/30/2009,06/30/2009,03/31/2009,12/31/2008,09/30/2008,06/30/2008,03/31/2008,12/31/2007,09/30/2007,06/30/2007,03/31/2007,12/31/2006,09/30/2006,06/30/2006,03/31/2006,12/31/2005,09/30/2005,06/30/2005,03/31/2005,12/31/2004,09/30/2004,06/30/2004,03/31/2004,12/31/2003,09/30/2003,06/30/2003,03/31/2003,12/31/2002,09/30/2002,06/30/2002,03/31/2002,12/31/2001,09/30/2001,06/30/2001,03/31/2001,12/31/2000,09/30/2000,06/30/2000,03/31/2000,12/31/1999,09/30/1999,06/30/1999,03/31/1999,12/31/1998,09/30/1998,06/30/1998,03/31/1998,12/31/1997,09/30/1997,06/30/1997,03/31/1997,12/31/1996,09/30/1996,06/30/1996,03/31/1996,12/31/1995,09/30/1995,06/30/1995,03/31/1995,12/31/1994,09/30/1994,06/30/1994,03/31/1994,12/31/1993,09/30/1993,06/30/1993,03/31/1993,12/31/1992,09/30/1992,06/30/1992,03/31/1992,12/31/1991,09/30/1991,06/30/1991,03/31/1991,12/31/1990,09/30/1990,06/30/1990,03/31/1990,12/31/1989,09/30/1989,06/30/1989,03/31/1989,12/31/1988,09/30/1988,06/30/1988,03/31/1988,12/31/1987,09/30/1987,06/30/1987,03/31/1987,12/31/1986,09/30/1986,06/30/1986,03/31/1986,12/31/1985,09/30/1985
TotalRevenue,"14,461,000,000","4,076,000,000","3,817,000,000","3,239,000,000","3,329,000,000","3,350,000,000","3,771,000,000","3,668,000,000","3,594,000,000","3,717,000,000","4,261,000,000","4,017,000,000","3,789,000,000","3,750,000,000","4,116,000,000","3,693,000,000","3,402,000,000","3,414,000,000","3,675,000,000","3,273,000,000","3,008,000,000","3,189,000,000","3,429,000,000","3,232,000,000","3,150,000,000","3,269,000,000","3,501,000,000","3,292,000,000","2,983,000,000","3,028,000,000","3,244,000,000","3,047,000,000","2,885,000,000","2,979,000,000","3,390,000,000","3,335,000,000","3,121,000,000","3,420,000,000","3,466,000,000","3,458,000,000","3,392,000,000","3,525,000,000","3,740,000,000","3,496,000,000","3,205,000,000","3,005,000,000","2,880,000,000","2,457,000,000","2,086,000,000","2,491,000,000","3,387,000,000","3,351,000,000","3,272,000,000","3,556,000,000","3,663,000,000","3,424,000,000","3,191,000,000","3,463,000,000","3,761,000,000","3,697,000,000","3,334,000,000","3,592,000,000","3,590,000,000","3,239,000,000","2,972,000,000","3,153,000,000","3,250,000,000","3,241,000,000","2,936,000,000","2,770,000,000","2,533,000,000","2,339,000,000","2,192,000,000","2,146,000,000","2,248,000,000","2,162,000,000","1,827,000,000","1,787,000,000","1,849,000,000","2,037,000,000","2,528,000,000","3,024,000,000","3,160,000,000","2,843,000,000","2,653,000,000","2,698,000,000","2,385,000,000","2,346,000,000","2,039,000,000","1,993,000,000","2,113,000,000","2,167,000,000","2,187,000,000","2,428,000,000","2,500,000,000","2,559,000,000","2,263,000,000","1,179,000,000","2,841,000,000","2,845,000,000","3,076,000,000","3,603,000,000","3,425,000,000","3,238,000,000","2,862,000,000","2,782,000,000","2,574,000,000","2,510,000,000","2,449,000,000","2,374,000,000","2,161,000,000","2,105,000,000","1,884,000,000","1,987,000,000","1,892,000,000","1,867,000,000","1,694,000,000","1,752,000,000","1,699,000,000","1,686,000,000","1,647,000,000","1,759,000,000","1,680,000,000","1,592,000,000","1,536,000,000","1,858,800,000","1,538,500,000","1,630,000,000","1,596,900,000","1,692,100,000","1,577,400,000","1,558,000,000","1,467,300,000","1,534,700,000","1,416,300,000","1,371,600,000","1,271,900,000","1,335,700,000","1,248,900,000","1,244,100,000","1,145,200,000","1,208,800,000","1,191,200,000"
	OperatingRevenue,"14,461,000,000","4,076,000,000","3,817,000,000","3,239,000,000","3,329,000,000","3,350,000,000","3,771,000,000","3,668,000,000","3,594,000,000","3,717,000,000","4,261,000,000","4,017,000,000","3,789,000,000","3,750,000,000","4,116,000,000","3,693,000,000","3,402,000,000","3,414,000,000","3,675,000,000","3,273,000,000","3,008,000,000","3,189,000,000","3,429,000,000","3,232,000,000","3,150,000,000","3,269,000,000","3,501,000,000","3,292,000,000","2,983,000,000","3,028,000,000","3,244,000,000","3,047,000,000","2,885,000,000","2,979,000,000","3,390,000,000","3,335,000,000","3,121,000,000","3,420,000,000","3,466,000,000","3,458,000,000","3,392,000,000","3,525,000,000","3,740,000,000","3,496,000,000","3,205,000,000","3,005,000,000","2,880,000,000","2,457,000,000","2,086,000,000","2,491,000,000","3,387,000,000","3,351,000,000","3,272,000,000","3,556,000,000","3,663,000,000","3,424,000,000","3,191,000,000","3,463,000,000","3,761,000,000","3,697,000,000","3,334,000,000","3,592,000,000","3,590,000,000","3,239,000,000","2,972,000,000","3,153,000,000","3,250,000,000","3,241,000,000","2,936,000,000","2,770,000,000","2,533,000,000","2,339,000,000","2,192,000,000","2,146,000,000","2,248,000,000","2,162,000,000","1,827,000,000","1,787,000,000","1,849,000,000","2,037,000,000","2,528,000,000","3,024,000,000","3,160,000,000","2,843,000,000","2,653,000,000","2,698,000,000","2,385,000,000","2,346,000,000","2,039,000,000","1,993,000,000","2,113,000,000","2,167,000,000","2,187,000,000","2,428,000,000","2,500,000,000","2,559,000,000","2,263,000,000","1,179,000,000","2,841,000,000","2,845,000,000","3,076,000,000","3,603,000,000","3,425,000,000","3,238,000,000","2,862,000,000","2,782,000,000","2,574,000,000","2,510,000,000","2,449,000,000","2,374,000,000","2,161,000,000","2,105,000,000","1,884,000,000","1,987,000,000","1,892,000,000","1,867,000,000","1,694,000,000","1,752,000,000","1,699,000,000","1,686,000,000","1,647,000,000","1,759,000,000","1,680,000,000","1,592,000,000","1,536,000,000","1,858,800,000","1,538,500,000","1,630,000,000","1,596,900,000","1,692,100,000","1,577,400,000","1,558,000,000","1,467,300,000","1,534,700,000","1,416,300,000","1,371,600,000","1,271,900,000","1,335,700,000","1,248,900,000","1,244,100,000","1,145,200,000","1,208,800,000","1,191,200,000"
CostOfRevenue,"5,192,000,000","1,430,000,000","1,364,000,000","1,157,000,000","1,241,000,000","1,253,000,000","1,325,000,000","1,308,000,000","1,333,000,000","1,310,000,000","1,457,000,000","1,398,000,000","1,342,000,000","1,310,000,000","1,460,000,000","1,319,000,000","1,258,000,000","1,281,000,000","1,395,000,000","1,270,000,000","1,184,000,000","1,323,000,000","1,432,000,000","1,351,000,000","1,334,000,000","1,374,000,000","1,457,000,000","1,411,000,000","1,376,000,000","1,388,000,000","1,465,000,000","1,477,000,000","1,511,000,000","1,533,000,000","1,650,000,000","1,684,000,000","1,590,000,000","1,872,000,000","1,722,000,000","1,705,000,000","1,664,000,000","1,655,000,000","1,701,000,000","1,602,000,000","1,516,000,000","1,416,000,000","1,399,000,000","1,333,000,000","1,280,000,000","1,394,000,000","1,744,000,000","1,602,000,000","1,516,000,000","1,629,000,000","1,679,000,000","1,640,000,000","1,554,000,000","1,715,000,000","1,829,000,000","1,790,000,000","1,662,000,000","1,857,000,000","1,819,000,000","1,718,000,000","1,636,000,000","1,819,000,000","1,761,000,000","1,760,000,000","1,614,000,000","1,576,000,000","1,503,000,000","1,462,000,000","1,330,000,000","1,377,000,000","1,413,000,000","1,306,000,000","1,216,000,000","1,372,000,000","1,424,000,000","1,523,000,000","1,505,000,000","1,572,000,000","1,644,000,000","1,448,000,000","1,370,000,000","1,376,000,000","1,247,000,000","1,197,000,000","1,127,000,000","1,113,000,000","1,308,000,000","1,456,000,000","1,517,000,000","1,480,000,000","1,518,000,000","1,597,000,000","1,472,000,000","824,000,000","2,075,000,000","2,061,000,000","2,187,000,000","2,571,000,000","2,446,000,000","2,267,000,000","2,035,000,000","2,030,000,000","1,852,000,000","1,802,000,000","1,787,000,000","1,759,000,000","1,552,000,000","1,557,000,000","1,407,000,000","928,000,000","1,441,000,000","1,418,000,000","1,324,000,000","866,000,000","1,425,000,000","1,421,000,000","1,360,000,000","911,000,000","1,368,000,000","1,264,000,000","1,244,000,000","992,500,000","1,226,400,000",,,,,,,,,,,,,,,,
GrossProfit,"9,269,000,000","2,646,000,000","2,453,000,000","2,082,000,000","2,088,000,000","2,097,000,000","2,446,000,000","2,360,000,000","2,261,000,000","2,407,000,000","2,804,000,000","2,619,000,000","2,447,000,000","2,440,000,000","2,656,000,000","2,374,000,000","2,144,000,000","2,133,000,000","2,280,000,000","2,003,000,000","1,824,000,000","1,866,000,000","1,997,000,000","1,881,000,000","1,816,000,000","1,895,000,000","2,044,000,000","1,881,000,000","1,607,000,000","1,640,000,000","1,779,000,000","1,570,000,000","1,374,000,000","1,446,000,000","1,740,000,000","1,651,000,000","1,531,000,000","1,548,000,000","1,744,000,000","1,753,000,000","1,728,000,000","1,870,000,000","2,039,000,000","1,894,000,000","1,689,000,000","1,589,000,000","1,481,000,000","1,124,000,000","806,000,000","1,097,000,000","1,643,000,000","1,749,000,000","1,756,000,000","1,927,000,000","1,984,000,000","1,784,000,000","1,637,000,000","1,748,000,000","1,932,000,000","1,907,000,000","1,672,000,000","1,735,000,000","1,771,000,000","1,521,000,000","1,336,000,000","1,334,000,000","1,489,000,000","1,481,000,000","1,322,000,000","1,194,000,000","1,030,000,000","877,000,000","862,000,000","769,000,000","835,000,000","856,000,000","611,000,000","415,000,000","425,000,000","514,000,000","1,023,000,000","1,452,000,000","1,516,000,000","1,395,000,000","1,283,000,000","1,322,000,000","1,138,000,000","1,149,000,000","912,000,000","880,000,000","805,000,000","711,000,000","670,000,000","948,000,000","982,000,000","962,000,000","791,000,000","355,000,000","766,000,000","784,000,000","889,000,000","1,032,000,000","979,000,000","971,000,000","827,000,000","752,000,000","722,000,000","708,000,000","662,000,000","615,000,000","609,000,000","548,000,000","477,000,000","1,059,000,000","451,000,000","449,000,000","370,000,000","886,000,000","274,000,000","265,000,000","287,000,000","848,000,000","312,000,000","328,000,000","292,000,000","866,300,000","312,100,000",,,,,,,,,,,,,,,,
OperatingExpense,"3,153,000,000","786,000,000","793,000,000","780,000,000","794,000,000","798,000,000","778,000,000","810,000,000","803,000,000","814,000,000","786,000,000","825,000,000","818,000,000","676,000,000","787,000,000","812,000,000","808,000,000","754,000,000","804,000,000","805,000,000","774,000,000","711,000,000","750,000,000","790,000,000","777,000,000","740,000,000","795,000,000","821,000,000","845,000,000","807,000,000","833,000,000","860,000,000","878,000,000","857,000,000","916,000,000","936,000,000","971,000,000","918,000,000","783,000,000","835,000,000","820,000,000","638,000,000","808,000,000","770,000,000","729,000,000","702,000,000","708,000,000","696,000,000","691,000,000","793,000,000","897,000,000","916,000,000","949,000,000","931,000,000","971,000,000","975,000,000","957,000,000","982,000,000","1,002,000,000","954,000,000","954,000,000","925,000,000","956,000,000","852,000,000","839,000,000","850,000,000","832,000,000","889,000,000","848,000,000","756,000,000","781,000,000","752,000,000","709,000,000","702,000,000","726,000,000","701,000,000","655,000,000","683,000,000","670,000,000","812,000,000","794,000,000","842,000,000","986,000,000","772,000,000","761,000,000","815,000,000","702,000,000","695,000,000","629,000,000","609,000,000","602,000,000","763,000,000","692,000,000","1,148,000,000","624,000,000","675,000,000","620,000,000","549,000,000","890,000,000","688,000,000","692,000,000","623,000,000","542,000,000","568,000,000","483,000,000","-7,688,000,000","431,000,000","416,000,000","453,000,000","-6,650,000,000","391,000,000","375,000,000","337,000,000","946,000,000","335,000,000","321,000,000","307,000,000","928,000,000","335,000,000","376,000,000","322,000,000","888,000,000","315,000,000","309,000,000","294,000,000","727,200,000","272,500,000",,,,,,,,,,,,,,,,
	SellingGeneralAndAdministration,"1,623,000,000","398,000,000","407,000,000","401,000,000","417,000,000","412,000,000","399,000,000","420,000,000","414,000,000","414,000,000","396,000,000","441,000,000","433,000,000","409,000,000","412,000,000","434,000,000","439,000,000","411,000,000","448,000,000","460,000,000","448,000,000","405,000,000","434,000,000","470,000,000","439,000,000","429,000,000","463,000,000","472,000,000","479,000,000","461,000,000","465,000,000","471,000,000","459,000,000","432,000,000","453,000,000","456,000,000","462,000,000","444,000,000","388,000,000","411,000,000","396,000,000","390,000,000","391,000,000","378,000,000","359,000,000","348,000,000","340,000,000","327,000,000","305,000,000","362,000,000","390,000,000","428,000,000","435,000,000","422,000,000","429,000,000","424,000,000","405,000,000","426,000,000","432,000,000","418,000,000","421,000,000","425,000,000","429,000,000","359,000,000","344,000,000","362,000,000","349,000,000","375,000,000","354,000,000","308,000,000","313,000,000","328,000,000","301,000,000","290,000,000","311,000,000","297,000,000","267,000,000","301,000,000","312,000,000","400,000,000","348,000,000","401,000,000","453,000,000","400,000,000","388,000,000","478,000,000","372,000,000","336,000,000","323,000,000","328,000,000","311,000,000","457,000,000","364,000,000","407,000,000","349,000,000","395,000,000","381,000,000","351,000,000","424,000,000","435,000,000","429,000,000","623,000,000","542,000,000","568,000,000","483,000,000","461,000,000","431,000,000","416,000,000","453,000,000","417,000,000","391,000,000","375,000,000","337,000,000","336,000,000","335,000,000","321,000,000","307,000,000","338,000,000","335,000,000","376,000,000","322,000,000","347,000,000","315,000,000","309,000,000","294,000,000","273,500,000","272,500,000",,,,,,,,,,,,,,,,
	ResearchAndDevelopment,"1,530,000,000","388,000,000","386,000,000","379,000,000","377,000,000","386,000,000","379,000,000","390,000,000","389,000,000","400,000,000","390,000,000","384,000,000","385,000,000","386,000,000","375,000,000","378,000,000","369,000,000","343,000,000","356,000,000","345,000,000","326,000,000","306,000,000","316,000,000","320,000,000","338,000,000","311,000,000","332,000,000","349,000,000","366,000,000","346,000,000","368,000,000","389,000,000","419,000,000","425,000,000","463,000,000","480,000,000","509,000,000","474,000,000","395,000,000","424,000,000","422,000,000","392,000,000","417,000,000","392,000,000","370,000,000","354,000,000","368,000,000","369,000,000","386,000,000","431,000,000","507,000,000","488,000,000","514,000,000","509,000,000","542,000,000","551,000,000","552,000,000","556,000,000","570,000,000","536,000,000","533,000,000","500,000,000","527,000,000","493,000,000","495,000,000","488,000,000","483,000,000","514,000,000","494,000,000","448,000,000","468,000,000","424,000,000","408,000,000","412,000,000","415,000,000","404,000,000","388,000,000","382,000,000","358,000,000","412,000,000","446,000,000","441,000,000","533,000,000","372,000,000","373,000,000","337,000,000","330,000,000","359,000,000","306,000,000","281,000,000","291,000,000","306,000,000","328,000,000","741,000,000","275,000,000","280,000,000","239,000,000","198,000,000","466,000,000","253,000,000","263,000,000",,,,,,,,,,,,,,,,,,,,,,,,,,,,,,,,,,,,,,,,,,
	OtherOperatingExpenses,,,,,,,,,,,,,,,,,,,,,,,,,,,,,,,,,,,,,,,,,"2,000,000",,,,,,,,,,,,,,,,,,,,,,,,,,,,,,,,,,,,,,,,,,,,,,,,,,,,,,,,,,,,,,,,,,,,,,,,,,,,,,,,,,,,,,,,,,,,,,,,,,,,,,
OperatingIncome,"6,116,000,000","1,860,000,000","1,660,000,000","1,302,000,000","1,294,000,000","1,299,000,000","1,668,000,000","1,550,000,000","1,458,000,000","1,593,000,000","2,018,000,000","1,794,000,000","1,629,000,000","1,764,000,000","1,869,000,000","1,562,000,000","1,336,000,000","1,379,000,000","1,476,000,000","1,198,000,000","1,050,000,000","1,155,000,000","1,247,000,000","1,091,000,000","1,039,000,000","1,155,000,000","1,249,000,000","1,060,000,000","762,000,000","833,000,000","946,000,000","710,000,000","496,000,000","589,000,000","824,000,000","715,000,000","560,000,000","630,000,000","961,000,000","918,000,000","908,000,000","1,232,000,000","1,231,000,000","1,124,000,000","960,000,000","887,000,000","773,000,000","428,000,000","115,000,000","304,000,000","746,000,000","833,000,000","807,000,000","996,000,000","1,013,000,000","809,000,000","680,000,000","766,000,000","930,000,000","953,000,000","718,000,000","810,000,000","815,000,000","669,000,000","497,000,000","484,000,000","657,000,000","592,000,000","474,000,000","438,000,000","249,000,000","125,000,000","153,000,000","67,000,000","109,000,000","155,000,000","-44,000,000","-268,000,000","-245,000,000","-298,000,000","229,000,000","610,000,000","530,000,000","623,000,000","522,000,000","507,000,000","436,000,000","454,000,000","283,000,000","271,000,000","203,000,000","-52,000,000","-22,000,000","-200,000,000","358,000,000","287,000,000","171,000,000","-194,000,000","-124,000,000","96,000,000","197,000,000","409,000,000","437,000,000","403,000,000","344,000,000","8,440,000,000","291,000,000","292,000,000","209,000,000","7,265,000,000","218,000,000","173,000,000","140,000,000","113,000,000","116,000,000","128,000,000","63,000,000","-42,000,000","-61,000,000","-111,000,000","-35,000,000","-40,000,000","-3,000,000","19,000,000","-2,000,000","139,100,000","39,600,000","1,630,000,000","1,596,900,000","-4,234,700,000","1,577,400,000","1,558,000,000","1,467,300,000","-3,842,400,000","1,416,300,000","1,371,600,000","1,271,900,000","-3,536,400,000","1,248,900,000","1,244,100,000","1,145,200,000","-3,807,300,000","1,191,200,000"
NetNonOperatingInterestIncomeExpense,"-190,000,000","-48,000,000","-49,000,000","-48,000,000","-45,000,000","-45,000,000","-43,000,000","-44,000,000","-38,000,000","-36,000,000","-36,000,000","-30,000,000","-23,000,000","-21,000,000","-19,000,000","-20,000,000","-18,000,000","3,000,000","-18,000,000","-21,000,000","-22,000,000","6,000,000","-22,000,000","-24,000,000","-22,000,000","-9,000,000","-23,000,000","-24,000,000","-25,000,000","-24,000,000","-24,000,000","-24,000,000","-23,000,000","17,000,000","-21,000,000","-20,000,000","-21,000,000","-10,000,000","-15,000,000","-6,000,000",,,,,,,,,,,,,,,,,,,,,,,,,,,,,,,,,,,,,,,,,,,,,,,,,,,,,,,,,,,,,,,,,,,,,,,,,,,,,,,,,,,,,,,,,,,,,,,,,,,,,,,
	InterestExpenseNonOperating,"190,000,000","48,000,000","49,000,000","48,000,000","45,000,000","45,000,000","43,000,000","44,000,000","38,000,000","36,000,000","36,000,000","30,000,000","23,000,000","21,000,000","19,000,000","20,000,000","18,000,000","19,000,000","18,000,000","21,000,000","22,000,000","22,000,000","22,000,000","24,000,000","22,000,000","22,000,000","23,000,000","24,000,000","25,000,000","24,000,000","24,000,000","24,000,000","23,000,000","23,000,000","21,000,000","20,000,000","21,000,000","21,000,000","15,000,000","6,000,000",,,,,,,,,,,,,,,,,,,,,,,,,,,,,,,,,,,,,,,,,,,,,,,,,,,,,,,,,,,,,,,,,,,,,,,,,,,,,,,,,,,,,,,,,,,,,,,,,,,,,,,
OtherIncomeExpense,"91,000,000","115,000,000","-24,000,000","25,000,000","-25,000,000","3,000,000","-45,000,000","8,000,000","-43,000,000","-54,000,000","-58,000,000","-58,000,000","-53,000,000","-193,000,000","-61,000,000","-56,000,000","-63,000,000","115,000,000","-77,000,000","-75,000,000","-78,000,000","-22,000,000","-77,000,000","-78,000,000","-77,000,000","-59,000,000","-71,000,000","-75,000,000","-66,000,000","-127,000,000","-106,000,000","196,000,000","-99,000,000","-435,000,000","-8,000,000","-119,000,000","-177,000,000","-272,000,000","-166,000,000","-3,000,000","10,000,000","3,000,000","4,000,000","-13,000,000","-3,000,000","-32,000,000","-8,000,000","-72,000,000","-100,000,000","-344,000,000","10,000,000","17,000,000","33,000,000","-110,000,000","53,000,000","56,000,000","40,000,000","-125,000,000","55,000,000","88,000,000","52,000,000","53,000,000","49,000,000","56,000,000","48,000,000","-50,000,000","62,000,000","38,000,000","50,000,000","131,000,000","143,000,000","36,000,000","14,000,000","-741,000,000","57,000,000","-24,000,000","11,000,000","16,000,000","37,000,000","57,000,000","107,000,000","274,000,000","565,000,000","1,341,000,000","124,000,000","103,000,000","153,000,000","65,000,000","78,000,000","35,000,000","65,000,000","135,000,000","57,000,000","65,000,000","33,000,000","83,000,000","10,000,000","-3,000,000","15,000,000","8,000,000","55,000,000","31,000,000","6,000,000","20,000,000",,"35,000,000","-11,000,000","-15,000,000","-5,000,000","16,000,000","-10,000,000","8,000,000","1,000,000",,"-15,000,000","-6,000,000","11,000,000","0","-10,000,000","-4,000,000","1,000,000","-7,000,000","2,000,000","4,000,000","30,000,000","-105,800,000","45,500,000",,,,,,,,,,,,,,,,
	SpecialIncomeCharges,"-222,000,000","-47,000,000","-51,000,000","-74,000,000","-50,000,000","-50,000,000","-79,000,000","-44,000,000","-79,000,000","-77,000,000","-81,000,000","-82,000,000","-81,000,000","-82,000,000","-81,000,000","-82,000,000","-84,000,000","128,000,000","-81,000,000","-81,000,000","-82,000,000","-13,000,000","-83,000,000","-81,000,000","-81,000,000","-55,000,000","-74,000,000","-78,000,000","-72,000,000","-146,000,000","-102,000,000","196,000,000","-101,000,000","-442,000,000","-8,000,000","-119,000,000","-177,000,000","-272,000,000","-166,000,000","-3,000,000","10,000,000","3,000,000","4,000,000","-13,000,000","-3,000,000","-32,000,000","-8,000,000","-72,000,000","-100,000,000","-344,000,000","10,000,000","17,000,000","33,000,000","-110,000,000","53,000,000","56,000,000","40,000,000","-125,000,000","55,000,000","88,000,000","52,000,000","53,000,000","49,000,000","56,000,000","48,000,000","-49,000,000","62,000,000","38,000,000","50,000,000","131,000,000","143,000,000","36,000,000","14,000,000","-741,000,000","57,000,000","-24,000,000","11,000,000","16,000,000","37,000,000","57,000,000","107,000,000","274,000,000","565,000,000","1,341,000,000","124,000,000","103,000,000","153,000,000","65,000,000","78,000,000","35,000,000","65,000,000","135,000,000","57,000,000","65,000,000","33,000,000","83,000,000","10,000,000","-3,000,000","15,000,000","8,000,000","55,000,000","31,000,000","6,000,000","20,000,000",,"35,000,000","-11,000,000","-15,000,000","-5,000,000","16,000,000","-10,000,000","8,000,000","1,000,000",,"-15,000,000","-6,000,000","11,000,000","0","-10,000,000","-4,000,000","1,000,000","-7,000,000","2,000,000","4,000,000","30,000,000","-105,800,000","45,500,000",,,,,,,,,,,,,,,,
		RestructuringAndMergernAcquisition,"223,000,000","48,000,000","51,000,000","74,000,000","50,000,000","71,000,000","79,000,000","44,000,000","79,000,000","80,000,000","81,000,000","82,000,000","81,000,000","82,000,000","81,000,000","82,000,000","84,000,000","60,000,000","81,000,000","81,000,000","82,000,000","13,000,000","83,000,000","81,000,000","81,000,000","55,000,000","74,000,000","78,000,000","72,000,000","146,000,000","102,000,000","-196,000,000","101,000,000","450,000,000","-16,000,000","117,000,000","163,000,000","-50,000,000","147,000,000","13,000,000","0","2,000,000","4,000,000","17,000,000","10,000,000","12,000,000","10,000,000","85,000,000","105,000,000",,,,,,,,,,,,,,,,,,,,,,,,,,,,,,,,,,,,,,,,,,,,,,,,,,,,,,,,,,,,,,,,,,,,,,,,,,,,,,,,,,,,,,,,,,,,,,
		OtherSpecialCharges,,,,,,,,,,,,,,,,,,,,,,,,,,,,,,,,,,,"24,000,000","2,000,000","14,000,000","322,000,000","19,000,000","-10,000,000","-10,000,000","-5,000,000","-8,000,000","-4,000,000","-7,000,000",,"-2,000,000","-13,000,000","-5,000,000",,,,,,,,,,,,,,,,,,,,,,,,,,,,,,,,,,,,,,,,,,,,,,,,,,,,,,,,,,,,,,,,,,,,,,,,,,,,,,,,,,,,,,,,,,,,,,
		GainOnSaleOfPPE,"1,000,000"
	OtherNonOperatingIncomeExpenses,"313,000,000","162,000,000","27,000,000","99,000,000","25,000,000","53,000,000","34,000,000","52,000,000","36,000,000","23,000,000","23,000,000","24,000,000","28,000,000","-111,000,000","20,000,000","26,000,000","21,000,000","-20,000,000","4,000,000","6,000,000","4,000,000","-17,000,000","6,000,000","3,000,000","4,000,000","-9,000,000","3,000,000","3,000,000","6,000,000","1,000,000","-4,000,000",,"2,000,000","39,000,000",,,,,,,,,,,,,,,,,,,,,,,,,,,,,,,,,,,,,,,,,,,,,,,,,,,,,,,,,,,,,,,,,,,,,,,,,,,,,,,,,,,,,,,,,,,,,,,,,,,,,,,,,,,,,
PretaxIncome,"6,017,000,000","1,927,000,000","1,587,000,000","1,279,000,000","1,224,000,000","1,257,000,000","1,580,000,000","1,514,000,000","1,377,000,000","1,503,000,000","1,924,000,000","1,706,000,000","1,553,000,000","1,550,000,000","1,789,000,000","1,486,000,000","1,255,000,000","1,497,000,000","1,381,000,000","1,102,000,000","950,000,000","1,139,000,000","1,148,000,000","989,000,000","940,000,000","1,087,000,000","1,155,000,000","961,000,000","671,000,000","682,000,000","816,000,000","882,000,000","374,000,000","155,000,000","843,000,000","576,000,000","362,000,000","348,000,000","780,000,000","909,000,000","918,000,000","1,248,000,000","1,235,000,000","1,111,000,000","957,000,000","881,000,000","765,000,000","356,000,000","15,000,000","36,000,000","756,000,000","850,000,000","840,000,000","1,042,000,000","1,066,000,000","865,000,000","719,000,000","836,000,000","984,000,000","1,039,000,000","767,000,000","860,000,000","862,000,000","723,000,000","543,000,000","568,000,000","715,000,000","622,000,000","516,000,000","561,000,000","384,000,000","151,000,000","154,000,000","-567,000,000","152,000,000","117,000,000","-47,000,000","-268,000,000","-223,000,000","-256,000,000","320,000,000","867,000,000","1,078,000,000","1,947,000,000","627,000,000","590,000,000","571,000,000","500,000,000","343,000,000","286,000,000","249,000,000","65,000,000","17,000,000","-156,000,000","368,000,000","344,000,000","157,000,000","-222,000,000","-133,000,000","92,000,000","240,000,000","430,000,000","431,000,000","410,000,000","348,000,000","279,000,000","281,000,000","277,000,000","204,000,000","202,000,000","196,000,000","169,000,000","129,000,000","110,000,000","88,000,000","109,000,000","63,000,000","-56,000,000","-84,000,000","-124,000,000","-40,000,000","-54,000,000","-6,000,000","18,000,000","21,000,000","26,900,000","78,900,000",,,,,,,,,,,,,,,,
TaxProvision,"422,000,000","239,000,000","234,000,000","-101,000,000","50,000,000","187,000,000","155,000,000","209,000,000","160,000,000","264,000,000","354,000,000","301,000,000","187,000,000","1,206,000,000","504,000,000","430,000,000","258,000,000","317,000,000","413,000,000","323,000,000","282,000,000","303,000,000","350,000,000","293,000,000","284,000,000","262,000,000","329,000,000","278,000,000","184,000,000","171,000,000","187,000,000","222,000,000","12,000,000","-109,000,000","59,000,000","130,000,000","97,000,000","50,000,000","179,000,000","237,000,000","252,000,000","306,000,000","376,000,000","342,000,000","299,000,000","226,000,000","227,000,000","96,000,000","-2,000,000","-71,000,000","193,000,000","262,000,000","178,000,000","289,000,000","308,000,000","251,000,000","203,000,000","166,000,000","298,000,000","300,000,000","225,000,000","205,000,000","231,000,000","95,000,000","132,000,000","78,000,000","152,000,000","181,000,000","149,000,000","48,000,000","-63,000,000","30,000,000","37,000,000","22,000,000","-36,000,000","22,000,000","-9,000,000","-152,000,000","-106,000,000","-59,000,000","90,000,000","205,000,000","399,000,000","669,000,000","201,000,000","134,000,000","188,000,000","177,000,000","110,000,000","97,000,000","85,000,000","22,000,000","6,000,000","107,000,000","129,000,000","120,000,000","55,000,000","-85,000,000","15,000,000","16,000,000","77,000,000","139,000,000","142,000,000","132,000,000","118,000,000","91,000,000","95,000,000","93,000,000","70,000,000","69,000,000","50,000,000","57,000,000","44,000,000","33,000,000","31,000,000","37,000,000","23,000,000","29,000,000","29,000,000","33,000,000","14,000,000","2,000,000","1,000,000","7,000,000","8,000,000","-9,000,000","13,900,000",,,,,,,,,,,,,,,,
NetIncomeCommonStockholders,"5,595,000,000","1,707,000,000","1,347,000,000","1,373,000,000","1,168,000,000","1,095,000,000","1,416,000,000","1,296,000,000","1,209,000,000","1,230,000,000","1,558,000,000","1,394,000,000","1,366,000,000","342,000,000","1,274,000,000","1,046,000,000","987,000,000","1,165,000,000","957,000,000","769,000,000","659,000,000","824,000,000","787,000,000","686,000,000","647,000,000","812,000,000","813,000,000","673,000,000","480,000,000","503,000,000","618,000,000","649,000,000","355,000,000","233,000,000","784,000,000","446,000,000","265,000,000","298,000,000","601,000,000","672,000,000","666,000,000","942,000,000","859,000,000","769,000,000","658,000,000","655,000,000","538,000,000","260,000,000","17,000,000","107,000,000","563,000,000","588,000,000","662,000,000","755,000,000","776,000,000","610,000,000","516,000,000","668,000,000","702,000,000","2,387,000,000","585,000,000","655,000,000","631,000,000","628,000,000","411,000,000","490,000,000","563,000,000","441,000,000","367,000,000","513,000,000","447,000,000","121,000,000","117,000,000","-589,000,000","188,000,000","95,000,000","-38,000,000","-116,000,000","-117,000,000","-197,000,000","230,000,000","633,000,000","679,000,000","1,278,000,000","426,000,000","456,000,000","383,000,000","323,000,000","233,000,000","189,000,000","164,000,000","43,000,000","11,000,000","-285,000,000","1,712,000,000","249,000,000","129,000,000","-28,000,000","-148,000,000","76,000,000","163,000,000","291,000,000","289,000,000","278,000,000","230,000,000","188,000,000","186,000,000","184,000,000","134,000,000","133,000,000","141,000,000","104,000,000","73,000,000","70,000,000","48,000,000","63,000,000","29,000,000","-97,000,000","-119,000,000","-163,000,000","-63,000,000","-65,000,000","-16,000,000","1,000,000","4,000,000","26,700,000","55,600,000",,,,,,,,,,,,,,,,
	NetIncome,"5,595,000,000","1,688,000,000","1,353,000,000","1,380,000,000","1,174,000,000","1,070,000,000","1,425,000,000","1,305,000,000","1,217,000,000","1,239,000,000","1,570,000,000","1,405,000,000","1,366,000,000","344,000,000","1,285,000,000","1,056,000,000","997,000,000","1,180,000,000","968,000,000","779,000,000","668,000,000","836,000,000","798,000,000","696,000,000","656,000,000","825,000,000","826,000,000","683,000,000","487,000,000","511,000,000","629,000,000","660,000,000","362,000,000","264,000,000","784,000,000","446,000,000","265,000,000","298,000,000","601,000,000","672,000,000","666,000,000","942,000,000","859,000,000","769,000,000","658,000,000","655,000,000","538,000,000","260,000,000","17,000,000","107,000,000","563,000,000","588,000,000","662,000,000","755,000,000","776,000,000","610,000,000","516,000,000","668,000,000","702,000,000","2,387,000,000","585,000,000","655,000,000","631,000,000","628,000,000","411,000,000","490,000,000","563,000,000","441,000,000","367,000,000","513,000,000","447,000,000","121,000,000","117,000,000","-589,000,000","188,000,000","95,000,000","-38,000,000","-116,000,000","-117,000,000","-197,000,000","230,000,000","633,000,000","679,000,000","1,278,000,000","426,000,000","456,000,000","383,000,000","323,000,000","233,000,000","189,000,000","164,000,000","43,000,000","11,000,000","-285,000,000","1,712,000,000","249,000,000","129,000,000","-28,000,000","-148,000,000","76,000,000","163,000,000","291,000,000","289,000,000","278,000,000","230,000,000","188,000,000","186,000,000","184,000,000","134,000,000","133,000,000","146,000,000","112,000,000","81,000,000","77,000,000","57,000,000","72,000,000","40,000,000","-85,000,000","-113,000,000","-157,000,000","-54,000,000","-56,000,000","-7,000,000","11,000,000","13,000,000","35,900,000","65,000,000",,,,,,,,,,,,,,,,
		NetIncomeIncludingNoncontrollingInterests,"5,595,000,000","1,688,000,000","1,353,000,000","1,380,000,000","1,174,000,000","1,070,000,000","1,425,000,000","1,305,000,000","1,217,000,000","1,239,000,000","1,570,000,000","1,405,000,000","1,366,000,000","344,000,000","1,285,000,000","1,056,000,000","997,000,000","1,180,000,000","968,000,000","779,000,000","668,000,000","836,000,000","798,000,000","696,000,000","656,000,000","825,000,000","826,000,000","683,000,000","487,000,000","511,000,000","629,000,000","660,000,000","362,000,000","264,000,000","784,000,000","446,000,000","265,000,000","298,000,000","601,000,000","672,000,000","666,000,000","942,000,000","859,000,000","769,000,000","658,000,000","655,000,000","538,000,000","260,000,000","17,000,000","107,000,000","563,000,000","588,000,000","662,000,000","755,000,000","776,000,000","610,000,000","516,000,000","668,000,000","702,000,000","2,387,000,000","585,000,000","655,000,000","631,000,000","628,000,000","411,000,000","490,000,000","563,000,000","441,000,000","367,000,000","513,000,000","447,000,000","121,000,000","117,000,000","-589,000,000","188,000,000","95,000,000","-38,000,000","-116,000,000","-117,000,000","-197,000,000","230,000,000","633,000,000","679,000,000","1,278,000,000","426,000,000","456,000,000","383,000,000","323,000,000","233,000,000","189,000,000","164,000,000","43,000,000","11,000,000","-285,000,000","1,712,000,000","249,000,000","129,000,000","-28,000,000","-148,000,000","76,000,000","163,000,000","291,000,000","289,000,000","278,000,000","230,000,000","188,000,000","186,000,000","184,000,000","134,000,000","133,000,000","146,000,000","112,000,000","81,000,000","77,000,000","57,000,000","72,000,000","40,000,000","-85,000,000","-113,000,000","-157,000,000","-54,000,000","-56,000,000","-7,000,000","11,000,000","13,000,000","35,900,000","65,000,000","106,100,000","84,600,000","95,300,000","93,700,000","91,800,000","85,500,000","77,000,000","56,000,000","49,200,000","74,700,000","26,600,000","14,000,000","12,300,000","-13,000,000","-41,100,000","-82,800,000"
			NetIncomeContinuousOperations,"5,595,000,000","1,688,000,000","1,353,000,000","1,380,000,000","1,174,000,000","1,070,000,000","1,425,000,000","1,305,000,000","1,217,000,000","1,239,000,000","1,570,000,000","1,405,000,000","1,366,000,000","344,000,000","1,285,000,000","1,056,000,000","997,000,000","1,180,000,000","968,000,000","779,000,000","668,000,000","836,000,000","798,000,000","696,000,000","656,000,000","825,000,000","826,000,000","683,000,000","487,000,000","511,000,000","629,000,000","660,000,000","362,000,000","264,000,000","784,000,000","446,000,000","265,000,000","298,000,000","601,000,000","672,000,000","666,000,000","942,000,000","859,000,000","769,000,000","658,000,000","655,000,000","538,000,000","260,000,000","17,000,000","107,000,000","563,000,000","588,000,000","662,000,000","753,000,000","758,000,000","614,000,000","516,000,000","670,000,000","686,000,000","739,000,000","542,000,000","655,000,000","631,000,000","628,000,000","411,000,000","490,000,000","563,000,000","441,000,000","367,000,000","513,000,000","447,000,000","121,000,000","117,000,000","-589,000,000","188,000,000","95,000,000","-38,000,000","-116,000,000","-117,000,000","-197,000,000","230,000,000","662,000,000","679,000,000","1,278,000,000","426,000,000","456,000,000","383,000,000","323,000,000","233,000,000","189,000,000","164,000,000","43,000,000","11,000,000","-263,000,000","239,000,000","224,000,000","102,000,000","-137,000,000","-148,000,000","76,000,000","163,000,000","291,000,000","289,000,000","278,000,000","230,000,000","188,000,000","186,000,000","184,000,000","134,000,000","133,000,000","146,000,000","112,000,000","85,000,000","77,000,000","57,000,000","72,000,000","40,000,000","-85,000,000","-113,000,000","-157,000,000","-54,000,000","-56,000,000","-7,000,000","11,000,000","13,000,000","35,900,000","65,000,000","106,100,000","84,600,000","95,300,000","93,700,000","91,800,000","85,500,000","77,000,000","56,000,000","49,200,000","74,700,000","26,600,000","14,000,000","12,300,000","-13,000,000","-41,100,000","-82,800,000"
			NetIncomeDiscontinuousOperations,,,,,,,,,,,,,,,,,,,,,,,,,,,,,,,,,,,,,,,,,,,,,,,,,,,,,,"2,000,000","18,000,000","-4,000,000",,"-2,000,000","16,000,000","1,648,000,000","43,000,000",,,,,,,,,,,,,,,,,,,,,,,,,,,,,,,,,"1,473,000,000",,"25,000,000","27,000,000",,,,,,,,,,,,,,,,,,,,,,,,,,,,,,,,,,,,,,,,,,,,,,
			NetIncomeExtraordinary,,,,,,,,,,,,,,,,,,,,,,,,,,,,,,,,,,,,,,,,,,,,,,,,,,,,,,,,,,,,,,,,,,,,,,,,,,,,,,,,,,,,,,,,,,,,,,,,,,,,,,,,,,,,,,"0",,,"-4,000,000",,,,,,,,,,,,,,,,,,,,,,,,,,,,,,
			NetIncomeFromTaxLossCarryforward,,,,,,,,,,,,,,,,,,,,,,,,,,,,,,,,,,,,,,,,,,,,,,,,,,,,,,,,,,,,,,,,,,,,,,,,,,,,,,,,,,,,,,,,,,,,,,"-1,495,000,000","1,473,000,000",,,,,,,,,,,,,,,,,,,,,,,,,,,,,,,,,,,,,,,,,,,,,,,,
	PreferredStockDividends,,,,,,,,,,,,,,,,,,,,,,,,,,,,,,,,,,,,,,,,,,,,,,,,,,,,,,,,,,,,,,,,,,,,,,,,,,,,,,,,,,,,,,,,,,,,,,,,,,,,,,,,,,,,,,"0","5,000,000","8,000,000","8,000,000","7,000,000","9,000,000","9,000,000","11,000,000","12,000,000","6,000,000","6,000,000","9,000,000","9,000,000","9,000,000","10,000,000","9,000,000","9,200,000","9,400,000",,,,,,,,,,,,,,,,
	OtherunderPreferredStockDividend,,,"6,000,000","7,000,000","6,000,000",,"9,000,000","9,000,000","8,000,000","9,000,000","12,000,000","11,000,000",,"2,000,000","11,000,000","10,000,000","10,000,000","15,000,000","11,000,000","10,000,000","9,000,000","12,000,000","11,000,000","10,000,000","9,000,000","13,000,000","13,000,000","10,000,000","7,000,000","8,000,000","11,000,000","11,000,000","7,000,000",,,,,,,,,,,,,,,,,,,,,,,,,,,,,,,,,,,,,,,,,,,,,,,,,,,,,,,,,,,,,,,,,,,,,,,,,,,,,,,,,,,,,,,,,,,,,,,,,,,,,,,,,,,,,,
AverageDilutionEarnings,"-27,000,000","-27,000,000","0","-7,000,000","-6,000,000","-31,000,000","1,000,000","1,000,000","-8,000,000","-8,000,000","1,000,000","-11,000,000","-11,000,000","0","0","0","0","0","0","0","0","0","0","0","0","1,000,000","0","0","0","0","0","0","0",,,,,,,,,,,,,,,,,,,,,,,,,,,,,,,,,,,,,,,,,,,,,,,,,,,,,,,,,,,,,,,,,,,,,,,,,,,,,,,,,,,,,,,,,,,,,,,,,,,,,,,,,,,,,,
DilutedNIAvailtoComStockholders,"5,568,000,000","1,680,000,000","1,347,000,000","1,373,000,000","1,168,000,000","1,064,000,000","1,417,000,000","1,297,000,000","1,209,000,000","1,231,000,000","1,559,000,000","1,394,000,000","1,355,000,000","342,000,000","1,274,000,000","1,046,000,000","987,000,000","1,165,000,000","957,000,000","769,000,000","659,000,000","824,000,000","787,000,000","686,000,000","647,000,000","813,000,000","813,000,000","673,000,000","480,000,000","503,000,000","618,000,000","649,000,000","355,000,000","233,000,000","784,000,000","446,000,000","265,000,000","298,000,000","601,000,000","672,000,000","666,000,000","942,000,000","859,000,000","769,000,000","658,000,000","655,000,000","538,000,000","260,000,000","17,000,000","107,000,000","563,000,000","588,000,000","662,000,000","755,000,000","776,000,000","610,000,000","516,000,000","668,000,000","702,000,000","2,387,000,000","585,000,000","655,000,000","631,000,000","628,000,000","411,000,000","490,000,000","563,000,000","441,000,000","367,000,000","513,000,000","447,000,000","121,000,000","117,000,000","-589,000,000","188,000,000","95,000,000","-38,000,000","-116,000,000","-117,000,000","-197,000,000","230,000,000","633,000,000","679,000,000","1,278,000,000","426,000,000","456,000,000","383,000,000","323,000,000","233,000,000","189,000,000","164,000,000","43,000,000","11,000,000","-285,000,000","1,712,000,000","249,000,000","129,000,000","-28,000,000","-148,000,000","76,000,000","163,000,000","291,000,000","289,000,000","278,000,000","230,000,000","188,000,000","186,000,000","184,000,000","134,000,000","133,000,000","141,000,000","104,000,000","73,000,000","70,000,000","48,000,000","63,000,000","29,000,000","-97,000,000","-119,000,000","-163,000,000","-63,000,000","-65,000,000","-16,000,000","1,000,000","4,000,000","26,700,000","55,600,000",,,,,,,,,,,,,,,,
BasicEPS,,,"1.47","1.5","1.25","1.147","1.524","1.393","1.296","1.3","1.62","1.438","1.39","0.349","1.301","1.062","0.999","1.051","0.967","0.776","0.664","0.827","0.783","0.673","0.628","0.788","0.77","0.63","0.44","0.46","0.56","0.59","0.32","0.23","0.68","0.38","0.23",,"0.52","0.57","0.56",,"0.71","0.63","0.53",,"0.42","0.2","0.01",,"0.43","0.45","0.5",,"0.55","0.42","0.36",,"0.47","1.54","0.37",,"0.39","0.38","0.24",,"0.33","0.25","0.21",,"0.26","0.07","0.07",,"0.11","0.05","-0.02",,"-0.07","-0.11","0.13",,"0.39","0.78","0.26",,"0.25","0.21","0.15",,"0.11","0.03","0.01",,"1.12","0.17","0.09",,"-0.1","0.05","0.11",,"0.19","0.18","0.15",,"0.13","0.12","0.09",,"0.1","0.08","0.05",,"0.04","0.05","0.03",,"-0.1","-0.13","-0.05",,"-0.02","0.01","0.01",,"0.05","0.08","0.06",,"0.07","0.07","0.06",,"0.04","0.04","0.06",,"0.01","0.01","-0.02",,"-0.07"
DilutedEPS,,,"1.45","1.48","1.24","1.12","1.49","1.36","1.26","1.27","1.58","1.4","1.35","0.34","1.26","1.03","0.97","1.02","0.94","0.76","0.65","0.8","0.76","0.65","0.61","0.76","0.76","0.62","0.44","0.46","0.56","0.58","0.32","0.23","0.67","0.38","0.22",,"0.51","0.56","0.55",,"0.71","0.62","0.52",,"0.42","0.2","0.01",,"0.43","0.44","0.49",,"0.54","0.42","0.35",,"0.46","1.5","0.36",,"0.38","0.38","0.24",,"0.32","0.25","0.21",,"0.25","0.07","0.07",,"0.11","0.05","-0.02",,"-0.07","-0.11","0.13",,"0.38","0.75","0.25",,"0.24","0.2","0.15",,"0.11","0.03","0.01",,"1.07","0.16","0.09",,"-0.1","0.05","0.11",,"0.19","0.18","0.15",,"0.13","0.12","0.09",,"0.1","0.08","0.05",,"0.04","0.05","0.03",,"-0.1","-0.13","-0.05",,"-0.02","0.01","0.01",,"0.05","0.08","0.06",,"0.07","0.07","0.06",,"0.04","0.04","0.06",,"0.01","0.01","-0.02",,"-0.07"
BasicAverageShares,,,"917,000,000","916,000,000","931,000,000","933,000,000","935,000,000","937,000,000","939,000,000","953,000,000","969,000,000","977,000,000","983,000,000","985,000,000","988,000,000","994,000,000","998,000,000","995,983,961","1,001,122,459","1,003,348,270","1,006,571,760","1,011,268,412","1,019,629,587","1,034,101,784","1,044,414,019","1,046,626,812","1,060,000,000","1,071,000,000","1,081,000,000","1,086,000,000","1,096,000,000","1,103,000,000","1,107,000,000","1,113,000,000","1,130,000,000","1,140,000,000","1,143,000,000",,"1,144,000,000","1,156,000,000","1,167,000,000",,"1,184,000,000","1,208,000,000","1,233,000,000",,"1,255,000,000","1,267,000,000","1,275,000,000",,"1,304,000,000","1,320,000,000","1,327,000,000",,"1,417,000,000","1,437,000,000","1,442,000,000",,"1,506,000,000","1,553,000,000","1,585,000,000",,"1,624,000,000","1,633,000,000","1,701,000,000",,"1,706,060,606","1,764,000,000","1,747,619,048",,"1,719,230,769","1,728,571,429","1,671,428,571",,"1,709,090,909","1,900,000,000","1,900,000,000",,"1,671,428,571","1,790,909,091","1,769,230,769",,"1,741,025,641","1,638,461,538","1,638,461,538",,"1,575,894,000","1,570,492,000","1,567,192,000",,"1,561,188,000","1,564,016,000","1,560,076,000",,"1,545,520,000","1,531,952,000","1,525,584,000",,"1,517,784,000","1,516,240,000","1,515,828,000",,"1,506,400,000","1,497,632,000","1,485,408,000",,"1,478,880,000","1,471,104,000","1,459,168,000",,"1,410,000,000","1,300,000,000","1,460,000,000",,"1,200,000,000","1,260,000,000","966,666,667",,"1,190,000,000","1,253,846,154","1,260,000,000",,"1,307,968,000","1,304,720,000","1,304,576,000",,"1,112,000,000","1,290,336,000","1,290,336,000",,"1,276,160,000","1,257,888,000","1,257,888,000",,"1,241,360,000","1,236,608,000","1,228,784,000",,"1,210,480,000","1,209,280,000","1,209,280,000",,"1,202,544,000"
DilutedAverageShares,,,"929,000,000","927,000,000","943,000,000","948,000,000","950,000,000","953,000,000","956,000,000","970,000,000","989,000,000","997,000,000","1,005,000,000","1,007,000,000","1,008,000,000","1,015,000,000","1,019,000,000","1,018,000,000","1,017,000,000","1,016,000,000","1,018,000,000","1,027,000,000","1,035,000,000","1,051,000,000","1,061,000,000","1,063,000,000","1,074,000,000","1,086,000,000","1,096,000,000","1,102,000,000","1,111,000,000","1,117,000,000","1,123,000,000","1,124,000,000","1,141,000,000","1,154,000,000","1,165,000,000",,"1,157,000,000","1,180,000,000","1,194,000,000",,"1,196,000,000","1,221,000,000","1,246,000,000",,"1,268,000,000","1,272,000,000","1,277,000,000",,"1,318,000,000","1,341,000,000","1,347,000,000",,"1,448,000,000","1,469,000,000","1,470,000,000",,"1,537,000,000","1,586,000,000","1,618,000,000",,"1,663,000,000","1,669,000,000","1,735,000,000",,"1,759,375,000","1,764,000,000","1,747,619,048",,"1,788,000,000","1,728,571,429","1,671,428,571",,"1,709,090,909","1,900,000,000","1,900,000,000",,"1,671,428,571","1,790,909,091","1,769,230,769",,"1,786,842,105","1,704,000,000","1,704,000,000",,"1,639,276,000","1,624,276,000","1,617,008,000",,"1,600,224,000","1,607,572,000","1,599,920,000",,"1,599,792,000","1,587,656,000","1,577,480,000",,"1,517,784,000","1,556,848,000","1,553,272,000",,"1,560,632,000","1,547,584,000","1,527,312,000",,"1,535,824,000","1,529,216,000","1,521,136,000",,"1,410,000,000","1,300,000,000","1,460,000,000",,"1,200,000,000","1,260,000,000","966,666,667",,"1,190,000,000","1,253,846,154","1,260,000,000",,"1,307,968,000","1,304,720,000","1,304,576,000",,"1,112,000,000","1,290,336,000","1,290,336,000",,"1,276,160,000","1,257,888,000","1,257,888,000",,"1,241,360,000","1,236,608,000","1,228,784,000",,"1,210,480,000","1,209,280,000","1,209,280,000",,"1,202,544,000"
TotalOperatingIncomeAsReported,"5,894,000,000","1,813,000,000","1,609,000,000","1,228,000,000","1,244,000,000","1,249,000,000","1,589,000,000","1,506,000,000","1,379,000,000","1,516,000,000","1,937,000,000","1,712,000,000","1,548,000,000","1,563,000,000","1,788,000,000","1,480,000,000","1,252,000,000","1,319,000,000","1,395,000,000","1,117,000,000","968,000,000","1,142,000,000","1,164,000,000","1,010,000,000","958,000,000","1,100,000,000","1,175,000,000","982,000,000","690,000,000","687,000,000","844,000,000","906,000,000","395,000,000","139,000,000","840,000,000","598,000,000","397,000,000","365,000,000","814,000,000","905,000,000","908,000,000","1,230,000,000","1,227,000,000","1,107,000,000","950,000,000","875,000,000","763,000,000","343,000,000","10,000,000","50,000,000","746,000,000","833,000,000","807,000,000","996,000,000","1,013,000,000","809,000,000","680,000,000","766,000,000","930,000,000","953,000,000","718,000,000","810,000,000","815,000,000","669,000,000","497,000,000","484,000,000","657,000,000","592,000,000","474,000,000","438,000,000","249,000,000","125,000,000","153,000,000","67,000,000","109,000,000","155,000,000","-44,000,000","-268,000,000","-245,000,000","-298,000,000","229,000,000","610,000,000","530,000,000","623,000,000","522,000,000","507,000,000","436,000,000","454,000,000","283,000,000","271,000,000","203,000,000","-52,000,000","-22,000,000","-200,000,000","358,000,000","287,000,000","171,000,000","-194,000,000","-124,000,000","96,000,000","197,000,000","409,000,000","437,000,000","403,000,000","344,000,000","8,440,000,000","291,000,000","292,000,000","209,000,000","7,265,000,000","218,000,000","173,000,000","140,000,000","113,000,000","116,000,000","128,000,000","63,000,000","-42,000,000","-61,000,000","-111,000,000","-35,000,000","-40,000,000","-3,000,000","19,000,000","-2,000,000","139,100,000","39,600,000",,,,,,,,,,,,,,,,
TotalExpenses,"8,345,000,000","2,216,000,000","2,157,000,000","1,937,000,000","2,035,000,000","2,051,000,000","2,103,000,000","2,118,000,000","2,136,000,000","2,124,000,000","2,243,000,000","2,223,000,000","2,160,000,000","1,986,000,000","2,247,000,000","2,131,000,000","2,066,000,000","2,035,000,000","2,199,000,000","2,075,000,000","1,958,000,000","2,034,000,000","2,182,000,000","2,141,000,000","2,111,000,000","2,114,000,000","2,252,000,000","2,232,000,000","2,221,000,000","2,195,000,000","2,298,000,000","2,337,000,000","2,389,000,000","2,390,000,000","2,566,000,000","2,620,000,000","2,561,000,000","2,790,000,000","2,505,000,000","2,540,000,000","2,484,000,000","2,293,000,000","2,509,000,000","2,372,000,000","2,245,000,000","2,118,000,000","2,107,000,000","2,029,000,000","1,971,000,000","2,187,000,000","2,641,000,000","2,518,000,000","2,465,000,000","2,560,000,000","2,650,000,000","2,615,000,000","2,511,000,000","2,697,000,000","2,831,000,000","2,744,000,000","2,616,000,000","2,782,000,000","2,775,000,000","2,570,000,000","2,475,000,000","2,669,000,000","2,593,000,000","2,649,000,000","2,462,000,000","2,332,000,000","2,284,000,000","2,214,000,000","2,039,000,000","2,079,000,000","2,139,000,000","2,007,000,000","1,871,000,000","2,055,000,000","2,094,000,000","2,335,000,000","2,299,000,000","2,414,000,000","2,630,000,000","2,220,000,000","2,131,000,000","2,191,000,000","1,949,000,000","1,892,000,000","1,756,000,000","1,722,000,000","1,910,000,000","2,219,000,000","2,209,000,000","2,628,000,000","2,142,000,000","2,272,000,000","2,092,000,000","1,373,000,000","2,965,000,000","2,749,000,000","2,879,000,000","3,194,000,000","2,988,000,000","2,835,000,000","2,518,000,000","-5,658,000,000","2,283,000,000","2,218,000,000","2,240,000,000","-4,891,000,000","1,943,000,000","1,932,000,000","1,744,000,000","1,874,000,000","1,776,000,000","1,739,000,000","1,631,000,000","1,794,000,000","1,760,000,000","1,797,000,000","1,682,000,000","1,799,000,000","1,683,000,000","1,573,000,000","1,538,000,000","1,719,700,000","1,498,900,000",,,,,,,,,,,,,,,,
NetIncomeFromContinuingAndDiscontinuedOperation,"5,595,000,000","1,688,000,000","1,353,000,000","1,380,000,000","1,174,000,000","1,070,000,000","1,425,000,000","1,305,000,000","1,217,000,000","1,239,000,000","1,570,000,000","1,405,000,000","1,366,000,000","344,000,000","1,285,000,000","1,056,000,000","997,000,000","1,180,000,000","968,000,000","779,000,000","668,000,000","836,000,000","798,000,000","696,000,000","656,000,000","825,000,000","826,000,000","683,000,000","487,000,000","511,000,000","629,000,000","660,000,000","362,000,000","264,000,000","784,000,000","446,000,000","265,000,000","298,000,000","601,000,000","672,000,000","666,000,000","942,000,000","859,000,000","769,000,000","658,000,000","655,000,000","538,000,000","260,000,000","17,000,000","107,000,000","563,000,000","588,000,000","662,000,000","755,000,000","776,000,000","610,000,000","516,000,000","668,000,000","702,000,000","2,387,000,000","585,000,000","655,000,000","631,000,000","628,000,000","411,000,000","490,000,000","563,000,000","441,000,000","367,000,000","513,000,000","447,000,000","121,000,000","117,000,000","-589,000,000","188,000,000","95,000,000","-38,000,000","-116,000,000","-117,000,000","-197,000,000","230,000,000","662,000,000","679,000,000","1,278,000,000","426,000,000","456,000,000","383,000,000","323,000,000","233,000,000","189,000,000","164,000,000","43,000,000","11,000,000","1,210,000,000","239,000,000","249,000,000","129,000,000","-28,000,000","-148,000,000","76,000,000","163,000,000","291,000,000","289,000,000","278,000,000","230,000,000","188,000,000","186,000,000","184,000,000","134,000,000","133,000,000","146,000,000","112,000,000","85,000,000","77,000,000","57,000,000","72,000,000","40,000,000","-85,000,000","-113,000,000","-157,000,000","-54,000,000","-56,000,000","-7,000,000","11,000,000","13,000,000","35,900,000","65,000,000",,,,,,,,,,,,,,,,
NormalizedIncome,"5,801,460,000","1,729,170,731.707","1,404,000,000","1,434,020,000","1,222,000,000","1,112,561,654.733","1,496,100,000","1,342,840,000","1,286,520,000","1,302,475,049.9","1,636,420,000","1,472,240,000","1,437,280,000","393,200,000","1,343,320,000","1,114,220,000","1,063,360,000","1,079,104,876.42","1,024,776,249.095","836,258,620.69","725,658,947.368","845,541,703.248","855,695,121.951","753,003,033.367","712,527,659.574","866,743,330.267","878,921,212.121","738,436,004.162","539,256,333.83","620,392,961.877","707,625,000","513,333,333.333","459,759,358.289","551,300,000","791,440,094.899","538,142,361.111","394,571,823.204","530,919,540.23","728,905,128.205","674,217,821.782","658,745,098.039","939,735,576.923","856,217,813.765","777,998,199.82","660,062,695.925","678,791,146.425","543,626,143.791","312,584,269.663","82,000,000","330,600,000","555,552,910.053","576,240,000","635,992,857.143","832,491,362.764","720,313,320.826","574,249,710.983","487,293,463.143","770,179,425.837","647,656,504.065","676,409,047.161","505,254,237.288","614,633,720.93","595,131,090.487","579,358,229.599","374,668,508.287","532,271,126.761","514,180,419.58","414,057,877.814","331,437,984.496","393,208,556.15","361,200,000","92,152,317.881","106,363,636.364","-144,400,000","153,800,000","114,487,179.487","-46,893,617.021","-125,600,000","-139,200,000","-240,863,281.25","153,093,750","452,786,620.531","323,123,376.623","397,775,038.521","341,751,196.172","376,393,220.339","280,374,781.086","281,010,000","180,014,577.259","165,870,629.371","121,188,755.02","-46,307,692.308","-25,882,352.941","-302,000,000","217,567,934.783","169,953,488.372","95,503,184.713","-135,148,648.649","-157,000,000","69,391,304.348","125,645,833.333","270,020,930.233","284,976,798.144","264,439,024.39","230,000,000","164,415,770.609","193,281,138.79","193,963,898.917","137,284,313.725","122,465,346.535","153,448,979.592","106,698,224.852","84,341,085.271","77,000,000","66,715,909.091","75,963,302.752","33,015,873.016","-85,000,000","-107,000,000","-154,600,000","-54,600,000","-51,800,000","-8,200,000","8,555,555.556","-5,571,428.571","99,380,000","27,515,842.839",,,,,,,,,,,,,,,,
InterestExpense,"190,000,000","48,000,000","49,000,000","48,000,000","45,000,000","45,000,000","43,000,000","44,000,000","38,000,000","36,000,000","36,000,000","30,000,000","23,000,000","21,000,000","19,000,000","20,000,000","18,000,000","19,000,000","18,000,000","21,000,000","22,000,000","22,000,000","22,000,000","24,000,000","22,000,000","22,000,000","23,000,000","24,000,000","25,000,000","24,000,000","24,000,000","24,000,000","23,000,000","23,000,000","21,000,000","20,000,000","21,000,000","21,000,000","15,000,000","6,000,000",,,,,,,,,,,,,,,,,,,,,,,,,,,,,,,,,,,,,,,,,,,,,,,,,,,,,,,,,,,,,,,,,,,,,,,,,,,,,,,,,,,,,,,,,,,,,,,,,,,,,,,
NetInterestIncome,"-190,000,000","-48,000,000","-49,000,000","-48,000,000","-45,000,000","-45,000,000","-43,000,000","-44,000,000","-38,000,000","-36,000,000","-36,000,000","-30,000,000","-23,000,000","-21,000,000","-19,000,000","-20,000,000","-18,000,000","3,000,000","-18,000,000","-21,000,000","-22,000,000","6,000,000","-22,000,000","-24,000,000","-22,000,000","-9,000,000","-23,000,000","-24,000,000","-25,000,000","-24,000,000","-24,000,000","-24,000,000","-23,000,000","17,000,000","-21,000,000","-20,000,000","-21,000,000","-10,000,000","-15,000,000","-6,000,000",,,,,,,,,,,,,,,,,,,,,,,,,,,,,,,,,,,,,,,,,,,,,,,,,,,,,,,,,,,,,,,,,,,,,,,,,,,,,,,,,,,,,,,,,,,,,,,,,,,,,,,
EBIT,"6,207,000,000","1,975,000,000","1,636,000,000","1,327,000,000","1,269,000,000","1,302,000,000","1,623,000,000","1,558,000,000","1,415,000,000","1,539,000,000","1,960,000,000","1,736,000,000","1,576,000,000","1,571,000,000","1,808,000,000","1,506,000,000","1,273,000,000","1,516,000,000","1,399,000,000","1,123,000,000","972,000,000","1,161,000,000","1,170,000,000","1,013,000,000","962,000,000","1,109,000,000","1,178,000,000","985,000,000","696,000,000","706,000,000","840,000,000","906,000,000","397,000,000","178,000,000","864,000,000","596,000,000","383,000,000","369,000,000","795,000,000","915,000,000","908,000,000","1,232,000,000","1,231,000,000","1,124,000,000","960,000,000","887,000,000","773,000,000","428,000,000","115,000,000","94,000,000","746,000,000","833,000,000","807,000,000","996,000,000","1,013,000,000","809,000,000","680,000,000","766,000,000","930,000,000","953,000,000","718,000,000","810,000,000","815,000,000","669,000,000","497,000,000","484,000,000","657,000,000","592,000,000","474,000,000","438,000,000","249,000,000","125,000,000","153,000,000","67,000,000","109,000,000","155,000,000","-44,000,000","-268,000,000","-245,000,000","-298,000,000","229,000,000","610,000,000","530,000,000","623,000,000","522,000,000","507,000,000","436,000,000","454,000,000","283,000,000","271,000,000","203,000,000","-52,000,000","-22,000,000","-200,000,000","358,000,000","287,000,000","171,000,000","-194,000,000","-124,000,000","96,000,000","197,000,000","409,000,000","437,000,000","403,000,000","344,000,000","8,440,000,000","291,000,000","292,000,000","209,000,000","7,265,000,000","218,000,000","173,000,000","140,000,000","113,000,000","116,000,000","128,000,000","63,000,000","-42,000,000","-61,000,000","-111,000,000","-35,000,000","-40,000,000","-3,000,000","19,000,000","-2,000,000","139,100,000","39,600,000","1,630,000,000","1,596,900,000","-4,234,700,000","1,577,400,000","1,558,000,000","1,467,300,000","-3,842,400,000","1,416,300,000","1,371,600,000","1,271,900,000","-3,536,400,000","1,248,900,000","1,244,100,000","1,145,200,000","-3,807,300,000","1,191,200,000"
EBITDA,"7,199,000,000"
ReconciledCostOfRevenue,"5,192,000,000","1,430,000,000","1,364,000,000","1,157,000,000","1,241,000,000","1,253,000,000","1,325,000,000","1,308,000,000","1,333,000,000","1,310,000,000","1,457,000,000","1,398,000,000","1,342,000,000","1,310,000,000","1,460,000,000","1,319,000,000","1,258,000,000","1,281,000,000","1,395,000,000","1,270,000,000","1,184,000,000","1,323,000,000","1,432,000,000","1,351,000,000","1,334,000,000","1,374,000,000","1,457,000,000","1,411,000,000","1,376,000,000","1,388,000,000","1,465,000,000","1,477,000,000","1,511,000,000","1,533,000,000","1,650,000,000","1,684,000,000","1,590,000,000","1,872,000,000","1,722,000,000","1,705,000,000","1,664,000,000","1,655,000,000","1,701,000,000","1,602,000,000","1,516,000,000","1,416,000,000","1,399,000,000","1,333,000,000","1,280,000,000","1,394,000,000","1,744,000,000","1,602,000,000","1,516,000,000","1,629,000,000","1,679,000,000","1,640,000,000","1,554,000,000","1,715,000,000","1,829,000,000","1,790,000,000","1,662,000,000","1,857,000,000","1,819,000,000","1,718,000,000","1,636,000,000","1,819,000,000","1,761,000,000","1,760,000,000","1,614,000,000","1,576,000,000","1,503,000,000","1,462,000,000","1,330,000,000","1,377,000,000","1,413,000,000","1,306,000,000","1,216,000,000","1,372,000,000","1,424,000,000","1,523,000,000","1,505,000,000","1,572,000,000","1,644,000,000","1,448,000,000","1,370,000,000","1,376,000,000","1,247,000,000","1,197,000,000","1,127,000,000","1,113,000,000","1,308,000,000","1,456,000,000","1,517,000,000","1,480,000,000","1,518,000,000","1,597,000,000","1,472,000,000","824,000,000","2,075,000,000","2,061,000,000","2,187,000,000","2,571,000,000","2,446,000,000","2,267,000,000","2,035,000,000","2,030,000,000","1,852,000,000","1,802,000,000","1,787,000,000","1,759,000,000","1,552,000,000","1,557,000,000","1,407,000,000","928,000,000","1,441,000,000","1,418,000,000","1,324,000,000","866,000,000","1,425,000,000","1,421,000,000","1,360,000,000","911,000,000","1,368,000,000","1,264,000,000","1,244,000,000","992,500,000","1,226,400,000",,,,,,,,,,,,,,,,
ReconciledDepreciation,"992,000,000","243,000,000","250,000,000","249,000,000","250,000,000","250,000,000","275,000,000","267,000,000","258,000,000","249,000,000","243,000,000","233,000,000","229,000,000","224,000,000","225,000,000","225,000,000","230,000,000","227,000,000","237,000,000","242,000,000","249,000,000","261,000,000","285,000,000","291,000,000","296,000,000","305,000,000","308,000,000","307,000,000","310,000,000","378,000,000","300,000,000","306,000,000","313,000,000","317,000,000","327,000,000","326,000,000","329,000,000","332,000,000","226,000,000","226,000,000","231,000,000","238,000,000","224,000,000","227,000,000","224,000,000","223,000,000","229,000,000","233,000,000","240,000,000","293,000,000","260,000,000","255,000,000","251,000,000","189,000,000","296,000,000","294,000,000","291,000,000","287,000,000","307,000,000","311,000,000","316,000,000","484,000,000","352,000,000","360,000,000","362,000,000","406,000,000","394,000,000","382,000,000","367,000,000","391,000,000","382,000,000","381,000,000","374,000,000","425,000,000","420,000,000","419,000,000","425,000,000","510,000,000","470,000,000","445,000,000","403,000,000",,,,,,,,,,,,,,,,,,,,,,,,,,,,,,,,,,,,,,,,,,,,,,,,,,,,,,,,,,,,,,
NetIncomeFromContinuingOperationNetMinorityInterest,"5,595,000,000","1,688,000,000","1,353,000,000","1,380,000,000","1,174,000,000","1,070,000,000","1,425,000,000","1,305,000,000","1,217,000,000","1,239,000,000","1,570,000,000","1,405,000,000","1,366,000,000","344,000,000","1,285,000,000","1,056,000,000","997,000,000","1,180,000,000","968,000,000","779,000,000","668,000,000","836,000,000","798,000,000","696,000,000","656,000,000","825,000,000","826,000,000","683,000,000","487,000,000","511,000,000","629,000,000","660,000,000","362,000,000","264,000,000","784,000,000","446,000,000","265,000,000","298,000,000","601,000,000","672,000,000","666,000,000","942,000,000","859,000,000","769,000,000","658,000,000","655,000,000","538,000,000","260,000,000","17,000,000","107,000,000","563,000,000","588,000,000","662,000,000","753,000,000","758,000,000","614,000,000","516,000,000","670,000,000","686,000,000","739,000,000","542,000,000","655,000,000","631,000,000","628,000,000","411,000,000","490,000,000","563,000,000","441,000,000","367,000,000","513,000,000","447,000,000","121,000,000","117,000,000","-589,000,000","188,000,000","95,000,000","-38,000,000","-116,000,000","-117,000,000","-197,000,000","230,000,000","662,000,000","679,000,000","1,278,000,000","426,000,000","456,000,000","383,000,000","323,000,000","233,000,000","189,000,000","164,000,000","43,000,000","11,000,000","-263,000,000","239,000,000","224,000,000","102,000,000","-137,000,000","-148,000,000","76,000,000","163,000,000","291,000,000","289,000,000","278,000,000","230,000,000","188,000,000","186,000,000","184,000,000","134,000,000","133,000,000","146,000,000","112,000,000","85,000,000","77,000,000","57,000,000","72,000,000","40,000,000","-85,000,000","-113,000,000","-157,000,000","-54,000,000","-56,000,000","-7,000,000","11,000,000","13,000,000","35,900,000","65,000,000",,,,,,,,,,,,,,,,
TotalUnusualItemsExcludingGoodwill,"-222,000,000","-47,000,000","-51,000,000","-74,000,000","-50,000,000","-50,000,000","-79,000,000","-44,000,000","-79,000,000","-77,000,000","-81,000,000","-82,000,000","-81,000,000","-82,000,000","-81,000,000","-82,000,000","-84,000,000","128,000,000","-81,000,000","-81,000,000","-82,000,000","-13,000,000","-83,000,000","-81,000,000","-81,000,000","-55,000,000","-74,000,000","-78,000,000","-72,000,000","-146,000,000","-102,000,000","196,000,000","-101,000,000","-442,000,000","-8,000,000","-119,000,000","-177,000,000","-272,000,000","-166,000,000","-3,000,000","10,000,000","3,000,000","4,000,000","-13,000,000","-3,000,000","-32,000,000","-8,000,000","-72,000,000","-100,000,000","-344,000,000","10,000,000","17,000,000","33,000,000","-110,000,000","53,000,000","56,000,000","40,000,000","-125,000,000","55,000,000","88,000,000","52,000,000","53,000,000","49,000,000","56,000,000","48,000,000","-49,000,000","62,000,000","38,000,000","50,000,000","131,000,000","143,000,000","36,000,000","14,000,000","-741,000,000","57,000,000","-24,000,000","11,000,000","16,000,000","37,000,000","57,000,000","107,000,000","274,000,000","565,000,000","1,341,000,000","124,000,000","103,000,000","153,000,000","65,000,000","78,000,000","35,000,000","65,000,000","135,000,000","57,000,000","65,000,000","33,000,000","83,000,000","10,000,000","-3,000,000","15,000,000","8,000,000","55,000,000","31,000,000","6,000,000","20,000,000",,"35,000,000","-11,000,000","-15,000,000","-5,000,000","16,000,000","-10,000,000","8,000,000","1,000,000",,"-15,000,000","-6,000,000","11,000,000","0","-10,000,000","-4,000,000","1,000,000","-7,000,000","2,000,000","4,000,000","30,000,000","-105,800,000","45,500,000",,,,,,,,,,,,,,,,
TotalUnusualItems,"-222,000,000","-47,000,000","-51,000,000","-74,000,000","-50,000,000","-50,000,000","-79,000,000","-44,000,000","-79,000,000","-77,000,000","-81,000,000","-82,000,000","-81,000,000","-82,000,000","-81,000,000","-82,000,000","-84,000,000","128,000,000","-81,000,000","-81,000,000","-82,000,000","-13,000,000","-83,000,000","-81,000,000","-81,000,000","-55,000,000","-74,000,000","-78,000,000","-72,000,000","-146,000,000","-102,000,000","196,000,000","-101,000,000","-442,000,000","-8,000,000","-119,000,000","-177,000,000","-272,000,000","-166,000,000","-3,000,000","10,000,000","3,000,000","4,000,000","-13,000,000","-3,000,000","-32,000,000","-8,000,000","-72,000,000","-100,000,000","-344,000,000","10,000,000","17,000,000","33,000,000","-110,000,000","53,000,000","56,000,000","40,000,000","-125,000,000","55,000,000","88,000,000","52,000,000","53,000,000","49,000,000","56,000,000","48,000,000","-49,000,000","62,000,000","38,000,000","50,000,000","131,000,000","143,000,000","36,000,000","14,000,000","-741,000,000","57,000,000","-24,000,000","11,000,000","16,000,000","37,000,000","57,000,000","107,000,000","274,000,000","565,000,000","1,341,000,000","124,000,000","103,000,000","153,000,000","65,000,000","78,000,000","35,000,000","65,000,000","135,000,000","57,000,000","65,000,000","33,000,000","83,000,000","10,000,000","-3,000,000","15,000,000","8,000,000","55,000,000","31,000,000","6,000,000","20,000,000",,"35,000,000","-11,000,000","-15,000,000","-5,000,000","16,000,000","-10,000,000","8,000,000","1,000,000",,"-15,000,000","-6,000,000","11,000,000","0","-10,000,000","-4,000,000","1,000,000","-7,000,000","2,000,000","4,000,000","30,000,000","-105,800,000","45,500,000",,,,,,,,,,,,,,,,
NormalizedEBITDA,"7,421,000,000","2,265,000,000","1,937,000,000","1,650,000,000","1,569,000,000","1,602,000,000","1,977,000,000","1,869,000,000","1,752,000,000","1,865,000,000","2,284,000,000","2,051,000,000","1,886,000,000","1,877,000,000","2,114,000,000","1,813,000,000","1,587,000,000","1,615,000,000","1,717,000,000","1,446,000,000","1,303,000,000","1,435,000,000","1,538,000,000","1,385,000,000","1,339,000,000","1,469,000,000","1,560,000,000","1,370,000,000","1,078,000,000","1,230,000,000","1,242,000,000","1,016,000,000","811,000,000","937,000,000","1,199,000,000","1,041,000,000","889,000,000","973,000,000","1,187,000,000","1,144,000,000","1,129,000,000","1,467,000,000","1,451,000,000","1,364,000,000","1,187,000,000","1,142,000,000","1,010,000,000","733,000,000","455,000,000","731,000,000","996,000,000","1,071,000,000","1,025,000,000","1,295,000,000","1,256,000,000","1,047,000,000","931,000,000","1,178,000,000","1,182,000,000","1,176,000,000","982,000,000","1,241,000,000","1,118,000,000","973,000,000","811,000,000","939,000,000","989,000,000","936,000,000","791,000,000","698,000,000","488,000,000","470,000,000","513,000,000","1,233,000,000","472,000,000","598,000,000","370,000,000","226,000,000","188,000,000","90,000,000","525,000,000","336,000,000","-35,000,000","-718,000,000","398,000,000","404,000,000","283,000,000","389,000,000","205,000,000","236,000,000","138,000,000","-187,000,000","-79,000,000","-265,000,000","325,000,000","204,000,000","161,000,000","-191,000,000","-139,000,000","88,000,000","142,000,000","378,000,000","431,000,000","383,000,000","344,000,000","8,405,000,000","302,000,000","307,000,000","214,000,000","7,249,000,000","228,000,000","165,000,000","139,000,000","113,000,000","131,000,000","134,000,000","52,000,000","-42,000,000","-51,000,000","-107,000,000","-36,000,000","-33,000,000","-5,000,000","15,000,000","-32,000,000","244,900,000","-5,900,000","1,630,000,000","1,596,900,000","-4,234,700,000","1,577,400,000","1,558,000,000","1,467,300,000","-3,842,400,000","1,416,300,000","1,371,600,000","1,271,900,000","-3,536,400,000","1,248,900,000","1,244,100,000","1,145,200,000","-3,807,300,000","1,191,200,000"
TaxRateForCalcs,"0.07","0.124","0","0.27","0.04","0.149","0.1","0.14","0.12","0.176","0.18","0.18","0.12","0.4","0.28","0.29","0.21","0.212","0.299","0.293","0.297","0.266","0.305","0.296","0.302","0.241","0.285","0.289","0.274","0.251","0.229","0.252","0.032","0.35","0.07","0.226","0.268","0.144","0.229","0.261","0.275","0.245","0.304","0.308","0.312","0.257","0.297","0.27","0.35","0.35","0.255","0.308","0.212","0.277","0.289","0.29","0.282","0.199","0.303","0.289","0.293","0.238","0.268","0.131","0.243","0.137","0.213","0.291","0.289","0.086","0.4","0.199","0.24","0.4","0.4","0.188","0.191","0.4","0.4","0.23","0.281","0.236","0.37","0.344","0.321","0.227","0.329","0.354","0.321","0.339","0.341","0.338","0.353","0.4","0.351","0.349","0.35","0.383","0.4","0.174","0.321","0.323","0.329","0.322","0.339","0.326","0.338","0.336","0.343","0.342","0.255","0.337","0.341","0.3","0.352","0.339","0.365","0.4","0.4","0.4","0.4","0.4","0.4","0.389","0.381","0.4","0.176",,,,,,,,,,,,,,,,
TaxEffectOfUnusualItems,"-15,540,000","-5,829,268.293","0","-19,980,000","-2,000,000","-7,438,345.267","-7,900,000","-6,160,000","-9,480,000","-13,524,950.1","-14,580,000","-14,760,000","-9,720,000","-32,800,000","-22,680,000","-23,780,000","-17,640,000","27,104,876.42","-24,223,750.905","-23,741,379.31","-24,341,052.632","-3,458,296.752","-25,304,878.049","-23,996,966.633","-24,472,340.426","-13,256,669.733","-21,078,787.879","-22,563,995.838","-19,743,666.17","-36,607,038.123","-23,375,000","49,333,333.333","-3,240,641.711","-154,700,000","-559,905.101","-26,857,638.889","-47,428,176.796","-39,080,459.77","-38,094,871.795","-782,178.218","2,745,098.039","735,576.923","1,217,813.765","-4,001,800.18","-937,304.075","-8,208,853.575","-2,373,856.209","-19,415,730.337","-35,000,000","-120,400,000","2,552,910.053","5,240,000","6,992,857.143","-30,508,637.236","15,313,320.826","16,249,710.983","11,293,463.143","-24,820,574.163","16,656,504.065","25,409,047.161","15,254,237.288","12,633,720.93","13,131,090.487","7,358,229.599","11,668,508.287","-6,728,873.239","13,180,419.58","11,057,877.814","14,437,984.496","11,208,556.15","57,200,000","7,152,317.881","3,363,636.364","-296,400,000","22,800,000","-4,512,820.513","2,106,382.979","6,400,000","14,800,000","13,136,718.75","30,093,750","64,786,620.531","209,123,376.623","460,775,038.521","39,751,196.172","23,393,220.339","50,374,781.086","23,010,000","25,014,577.259","11,870,629.371","22,188,755.02","45,692,307.692","20,117,647.059","26,000,000","11,567,934.783","28,953,488.372","3,503,184.713","-1,148,648.649","6,000,000","1,391,304.348","17,645,833.333","10,020,930.233","1,976,798.144","6,439,024.39","0","11,415,770.609","-3,718,861.21","-5,036,101.083","-1,715,686.275","5,465,346.535","-2,551,020.408","2,698,224.852","341,085.271","0","-5,284,090.909","-2,036,697.248","4,015,873.016","0","-4,000,000","-1,600,000","400,000","-2,800,000","800,000","1,555,555.556","11,428,571.429","-42,320,000","8,015,842.839",,,,,,,,,,,,,,,,